1949 2366
736 101 1086 137 .—5-—

180 212 327 252 agi-are
354 195 481 239 ,vobis
515 195 683 236 animus
710 201 786 243 est,
823 194 954 235 duces
990 209 1032 235 se
1069 193 1190 236 vobis
1217 173 1407 233 offerunt
1417 193 1480 244 ἕ),
1515 193 1549 232 si
1584 193 1722 234 fontes

183 286 384 329 quaerere
416 254 667 319 instituitisq
686 285 739 312 ex
767 271 928 326 quibus
945 271 1118 325 linguae
1145 271 1244 311 illae
1272 268 1479 323 egregiae,
1511 283 1621 322 quae
1649 284 1723 309 vos

180 350 412 397 oblectant,
443 339 732 403 pullularunt,
766 348 902 389 facem
937 347 1058 388 vobis
1093 347 1346 402 praeferent,
1404 345 1486 387 Sed
1517 359 1722 400 quorsum

181 439 260 480 ego
296 426 397 467 haec
438 424 641 479 disputo?
705 423 875 465 Scilicet
913 425 969 465 ad
1002 424 1261 478 mitigandas
1295 432 1444 463 eorum
1473 437 1607 469 voces,
1645 423 1722 477 qui

106 517 111 523 ·
151 507 155 511 '
181 501 328 542 Musas
362 502 525 544 indicas
561 501 615 542 ab
650 501 730 542 hoc
765 501 977 543 consortio
1014 501 1229 541 secludere
1273 508 1323 541 et'
1352 500 1399 541 in
1436 499 1723 554 Gangeticum

151 635 154 639 Δ
181 592 330 619 nemus
365 579 550 636 relegare
588 582 817 618 conantur!
877 578 934 618 Et
970 591 1108 631 nuper
1144 577 1378 617 admodum
1419 576 1724 629 inhospitalem
1756 629 1761 631 μ

180 654 373 721 Obbarii,
412 654 662 709 professoris
703 654 1082 701 Rudolstadiensis‚
1130 653 1323 694 animum
1367 659 1570 707 expertae
1607 661 1722 693 sunt.

179 730 288 770 Nam
316 720 362 771 iu
391 744 565 771 censura
592 731 861 784 symbolarum
887 732 944 771 ad
965 731 1304 784 comparationem
1332 731 1582 784 linguarum,
1612 743 1722 783 quas

178 807 396 861 Meyerus,
445 811 696 860 praeceptor
740 806 788 845 in
830 805 1065 859 Gymnasio
1107 805 1471 846 Halberstadiensi
1514 806 1722 859 superior,

181 881 332 930 edidit,
362 886 579 921 auctorem
608 879 838 928 collaudat,
867 880 987 934 quod
1014 894 1101 921 non
1129 894 1226 920 cum
1268 880 1322 920 iis
1348 880 1485 921 facere
1513 881 1722 928 videatur,

182 958 274 1012 qui,
303 964 354 998 ut
367 971 460 1014 mos
488 956 619 997 seculi
641 955 762 1003 ferat,
791 955 836 996 in
856 941 1076 997 vocabulis
1095 956 1338 997 derivandis
1354 956 1527 1011 linguae
1550 957 1723 998 sanscri-

183 1043 252 1076 tae
281 1035 443 1076 radices
468 1034 514 1075 in
546 1033 758 1076 auxilium
786 1039 958 1074 vocent:
987 1039 1201 1088 praestare
1219 1033 1346 1082 enim,
1375 1033 1410 1074 si
1439 1035 1613 1089 quando
1637 1049 1723 1075 una

180 1112 415 1166 eademque
443 1111 566 1152 radix
593 1117 637 1150 et
664 1112 710 1151 in
739 1110 942 1151 sanscrita
978 1117 1022 1151 et
1056 1111 1102 1151 in
1131 1126 1280 1165 graeca
1310 1091 1533 1165 latinaque
1570 1112 1720 1165 lingua

182 1187 431 1242 reperiatur,
470 1187 596 1228 huius
634 1186 918 1228 consensionis
953 1186 1160 1228 rationem
1196 1202 1250 1229 ex
1285 1189 1502 1229 communi
1541 1190 1717 1229 humani

180 1264 313 1305 animi
343 1271 509 1311 natura,
538 1278 671 1318 quam
699 1277 753 1303 ex
782 1262 948 1317 origine
969 1263 1115 1304 indica
1136 1271 1347 1317 repetere;
1378 1271 1429 1303 ut
1458 1279 1534 1304 sua
1562 1265 1718 1318 cuique

179 1341 235 1382 sit
252 1341 419 1395 populo
437 1340 615 1388 indoles,
640 1340 703 1381 ita
720 1353 841 1380 suam
859 1339 1049 1394 potuisse
1069 1340 1253 1395 formare>
1270 1341 1464 1395 linguam
1474 1341 1557 1395 **).
1601 1343 1718 1386 Quae

179 1418 214 1458 si
249 1432 344 1458 vere
378 1408 602 1472 disputata
636 1422 786 1465 essent,
825 1416 971 1471 colligi
1006 1417 1167 1466 liceret,
1204 1418 1271 1458 vel
1307 1418 1507 1458 omnibus
1544 1420 1717 1460 omnino

260 1555 297 1596 ²¹²)
322 1553 506 1599 Quantum
549 1553 639 1587 lucis
680 1553 913 1599 scriptoribus
949 1553 1076 1587 doctae
1111 1554 1331 1598 antiquitatis
1371 1556 1521 1590 accedat
1550 1568 1570 1590 e
1604 1541 1716 1590 literis

320 1621 470 1663 indicis,
505 1621 703 1656 docuerunt
733 1619 782 1656 A.
821 1620 928 1661 Guil„
956 1633 977 1656 a
1011 1622 1196 1668 Schlegel,
1236 1621 1367 1657 Petrus
1400 1635 1421 1658 a
1453 1624 1608 1665 Bohlen‚
1643 1625 1716 1660 alii.

311 1690 380 1725 «Cf.
405 1689 453 1726 A.
480 1680 593 1726 Wilh.
619 1702 689 1727 von
714 1689 894 1736 Schlegel‚
921 1689 1090 1725 Indische
1114 1691 1320 1726 Bibliothek
1346 1712 1395 1718 —
1418 1698 1456 1727 et
1490 1693 1533 1729 P.
1560 1705 1591 1727 v,
1620 1694 1715 1728 Boh-

319 1759 396 1801 len,
431 1759 508 1794 Das
541 1759 612 1794 alte
648 1758 778 1794 Indien
812 1759 877 1805 mit
918 1760 1132 1795 besonderer
1163 1760 1368 1797 Riioksicht
1406 1761 1471 1798 aus
1510 1763 1714 1810 Aegypten.

320 1822 552 1875 K‘dnigsberg·
575 1829 682 1871 1830,
708 1829 732 1863 2
756 1829 838 1863 voll.
863 1830 1006 1874 passim.

231 1897 292 1940 Μ)
316 1896 374 1932 cf.
401 1896 509 1932 Neue
532 1891 756 1932 Jahrbiic'her
779 1896 838 1931 sur
864 1896 1067 1944 Philologie
1092 1900 1162 1934 und
1190 1898 1404 1947 P‘adagogik
1436 1903 1520 1937 oder
1545 1902 1716 1938 kritische

316 1966 525 2001 Bibliothek
555 1966 615 2000 fiir
639 1966 701 2011 das
727 1965 853 2001 Schul-
883 1967 953 2001 und
980 1967 1339 2005 Unterrichtsweseu.
1391 1967 1620 2018 Herausgeg‘.
1647 1985 1715 2006 von

317 2033 385 2082 Dr.
429 2033 564 2070 Gottsr.
598 2034 763 2071 Seebode
802 2036 875 2072 und
898 2036 973 2073 VM.
1006 2036 1092 2073 Joh.
1134 2038 1313 2076 Christian
1347 2039 1454 2076 Jahn.
1516 2040 1551 2076 1.
1586 2041 1713 2087 Jahrg.

316 2104 350 2139 1.
377 2103 466 2140 Bds.
494 2105 530 2141 4.
558 2105 663 2141 Hert.
714 2107 794 2144 Mai
817 2107 924 2150 1831,
949 2120 986 2162 p.
1012 2108 1229 2145 438—441.
