1949 2366
829 74 1107 110 —34-

194 158 382 215 humani
401 171 534 212 animi
554 170 844 222 cognitionem
863 184 952 210 rem
970 179 1056 210 esse
1074 183 1253 224 magnae
1281 175 1325 210 et
1343 169 1502 211 arduae
1524 171 1746 224 cogitatio-

206 250 284 290 nis.
328 247 384 288 Et
402 255 546 287 tamen
565 245 920 301 philosophorum
934 245 1133 288 'multum
1154 246 1344 293 interest,
1364 259 1498 300 quam
1519 247 1744 286 accuratis-

204 326 309 364 sime
324 336 506 369 noscere,
522 321 632 376 quid
646 321 702 362 sit
716 323 897 371 animus,
912 323 1022 377 quid
1035 322 1252 376 cogitandi
1268 336 1439 369 munus,
1455 334 1567 375 quae
1581 327 1624 361 et
1641 336 1745 375 qua-

205 401 265 440 les
291 400 383 440 eius
410 399 604 449 virtutes.
663 393 760 443 Quo
789 404 838 438 ut
862 398 1114 453 perveniant
1140 404 1184 438 et
1209 398 1445 445 involucra,
1473 398 1556 437 sub
1584 397 1767 451 quibusv

204 477 324 524 latet,
339 486 347 502 ³
362 475 681 531 quodammodo
716 470 971 528 removeant,
1008 489 1095 515 una
1122 475 1392 528 potissimum
1423 480 1546 528 patet
1581 480 1625 514 et
1648 476 1746 515 ‘cer-

206 553 369 593 tissima'
396 553 479 602 ¹via,
507 537 692 606 loquela.
749 552 864 593 Hae‘c
892 557 956 593 est
982 551 1096 593 enim
1131 552 1208 593 illa
1236 551 1432 600 facultas,
1460 566 1550 606 qua
1577 552 1746 592 animus

206 621 346 684 larga's
373 643 469 670 suas
500 643 601 683 opes
618 628 806 682 promit,
836 642 924 681 qua
950 628 1061 682 quid
1090 630 1221 669 sentit
1258 643 1357 668 cum
1386 628 1482 668 aliis
1510 629 1747 669 communi·

206 712 288 752 cat,
325 720 413 759 qua
450 705 527 759 qui
561 705 653 758 ipse
689 704 820 745 nullis
856 705 1048 745 sensibus
1081 705 1248 759 percipi
1284 711 1441 758 potest,
1480 706 1604 746 vivus
1631 705 1747 746 inter

206 782 322 822 vivos
347 787 542 834 apparet,
570 780 745 819 auribus
771 780 1047 827 audiendum,
1067 781 1189 833 quin,
1209 780 1447 833 scripturae
1465 778 1743 827 adminiculo,

205 858 340 897 oculis
369 856 603 896 videndum
632 855 918 908 manibusque
946 855 1216 909 palpandum
1243 869 1286 895 se
1312 857 1503 910 praebet.
1528 907 1531 909 μ
1558 857 1639 897 Per
1666 857 1746 897 hoc

207 933 340 973 veluti
369 932 593 986 speculum
619 932 666 972 in
693 930 783 970 eius
802 930 947 985 adyta,
977 932 1022 971 in
1051 931 1210 986 quibus
1237 931 1328 987 agit
1346 939 1389 973 et
1410 933 1587 987 cogitat,
1615 933 1747 974 intro-

207 1005 367 1064 spicere
394 1009 511 1048 licet.
570 1008 627 1047 Ut
655 996 753 1047 vero
787 1007 832 1047 in
862 1007 1044 1061 singulis
1085 1008 1331 1048 hominibus
1358 1010 1495 1050 varias
1528 1017 1572 1050 et
1600 1011 1746 1051 multi-

210 1086 343 1139 plices
370 1085 434 1125 vis
461 1085 539 1125 illa
566 1084 712 1124 divina
739 1079 884 1124 induit
913 1071 1082 1131 formas,
1110 1085 1172 1125 ita
1192 1100 1359 1125 summa
1384 1088 1476 1126 eius
1494 1087 1539 1126 in
1555 1087 1745 1140 populis,

209 1154 287 1215 qu'i
312 1162 450 1202 latum
478 1162 625 1201 orbem
653 1160 1099 1208 terrarum-incolunt,
1128 1160 1561 1213 cerniturdiversitas
1589 1169 1632 1201 et
1656 1177 1744 1215 quo

205 1238 447 1279 accuratius
476 1251 606 1290 quam
635 1237 922 1289 plurimorum
951 1237 1217 1289 populorum
1252 1236 1424 1291 linguas
1452 1238 1649 1291 cognitas
1678 1240 1745 1279 ha-

207 1315 361 1361 bueris,
395 1328 445 1354 eo
472 1314 676 1354 maiorem
711 1312 887 1353 humani
924 1312 1056 1352 animi
1077 1312 1383 1366 ¹cognitionem
1411 1313 1494 1353 tibi
1530 1327 1761 1368 comparas

209 1392 328 1432 v'eris.
386 1390 508 1430 Hanc
537 1395 682 1430 autem
711 1388 1006 1442 philosophiae
1034 1388 1299 1441 provinciam
1328 1390 1628 1430 demandatam
1662 1392 1744 1431 sibi

208 1482 294 1508 esse
321 1474 480 1522 putant
517 1466 743 1520 philologi,
779 1466 856 1521 qui
893 1480 970 1519 per
1004 1465 1251 1519 linguarum
1280 1465 1569 1506 diversitatem
1605 1468 1670 1507 vel
1698 1467 1744 1508 in

211 1543 456 1597 regionibus
484 1542 775 1588 remotissimis
802 1548 992 1581 aeternas
1020 1542 1116 1581 illas
1144 1542 1404 1595 investigant
1430 1536 1557 1595 leges,
1585 1544 1745 1596 quibus
1788 1579 1793 1582 ,

185 1620 408 1661 “astrictus
425 1607 604 1672 ¹animus
621 1625 804 1667 tenetur,
833 1618 1058 1679 philologi,
1090 1617 1167 1673 qui
1196 1617 1314 1672 apud
1337 1617 1572 1672 imperitos,
1601 1626 1744 1660 tantae

211 1698 268 1737 rei
298 1696 550 1750 gravitatem
580 1710 665 1737 non
694 1695 922 1749 capientes,
952 1700 1173 1748 tamquam
1197 1694 1461 1748 syllabarum
1491 1710 1676 1749 aucupes
1703 1705 1745 1737 et

209 1774 400 1816 homines
428 1773 573 1820 rixosi,
601 1774 678 1828 qui
707 1773 761 1813 de
789 1756 984 1812 minutiis
1012 1770 1305 1824 digladientur
1322 1777 1366 1811 et
1395 1771 1522 1826 nugis
1540 1772 1746 1827 tricisque

209 1848 488 1896 delectentur,
517 1849 627 1889 male
654 1849 851 1889 audiunt.
909 1848 1002 1887 Hoc
1034 1839 1147 1886 enim'
1184 1861 1271 1887 esse
1299 1848 1488 1901 primum
1517 1856 1558 1887 et
1585 1851 1746 1901 praeci-

209 1939 347 1978 puum
381 1925 699 1979 philologorum
737 1938 907 1971 munuS,
945 1930 995 1963 ut
1029 1922 1074 1964 in
1111 1923 1287 1966 intimos
1322 1924 1498 1965 humani
1525 1923 1657 1965 animi
1689 1940 1746 1966 re-

210 2008 348 2040 cessus
376 2006 613 2055 penetrent,
642 2001 827 2041 alterum
854 2005 1092 2047 autem‚'ut
1120 2002 1436 2055 praeclarorum
1471 2001 1747 2055 antiquitatis

211 2084 585 2123 monumentorum
633 2079 893 2131 interpretes
936 2078 1041 2118 recti
1090 2079 1349 2133 pulchrique
1383 2093 1514 2120 *sensu
1556 2079 1749 2121 homines

770 2156 772 2158 a
1397 2159 1418 2193 1
1450 2154 1473 2177 ᾔ
