1949 2366
822 103 1100 141 -46-

174 206 310 259 igitur
356 204 402 243 in
447 202 590 257 prima
631 200 863 255 singularis
915 199 1159 256 imperfecti
1209 214 1391 260 persona
1440 206 1597 243 ἔτυπτον
1645 217 1725 258 pro

173 285 348 331 ἕτυπτομ.
406 279 594 320 Primam
622 278 777 319 Dualis
805 291 1033 332 personam
1061 277 1213 320 Graeci
1231 278 1381 325 eodem
1408 287 1485 321 aut
1514 294 1600 321 non
1617 281 1726 321 mul-

173 364 269 397 tum
298 356 465 397 diverso
494 353 622 395 modo
649 353 837 395 efferunt
866 361 916 394 ut
945 350 1132 408 primam
1161 354 1348 408 pluralis·
1369 357 1553 405 numeri3
1583 357 1725 398 Latini

174 435 221 474 in
251 432 390 474 verbis
425 430 562 472 Duali
586 437 747 479 carent,
780 430 836 471 -in
864 429 1115 471 nominibus
1146 433 1232 472 duo
1263 437 1307 473 e‘t
1343 432 1460 477 mbo
1488 410 1581 473 eius
1607 434 1730 475 vesti-

175 511 248 565 gia
275 508 566 564 reperiuntur.
628 500 773 549 Prima
810 506 995 562 pluralis
1031 517 1213 563 persona
1253 504 1308 550 in·
1336 509 1489 563 lingua
1523 500 1731 551 sanscrita

173 595 239 631 est
265 603 353 643 qq
381 601 482 635 mas,
509 585 630 641 apud
647 586 878 645 Dorienses
904 604 992 637 μες,
1013 586 1136 640 quod
1163 586 1210 628 in
1227 603 1309 643 μεν
1336 586 1383 627 in
1410 585 1510 627 aliis
1534 580 1731 630 dialectis

177 650 397 706 mutatum
425 668 504 712 est,
530 662 652 717 apud
682 661 987 703 Latinoffmns.
1447 706 1452 710 ι

340 740 561 782 Secundae
603 753 808 794 personae
850 740 962 793 sing.
1008 740 1176 781 numeri
1229 740 1573 781 terminationem
1611 738 1729 793 apud

177 819 360 859 Graecos
396 815 572 871 proprie
618 832 656 855 σι
696 815 826 857 fuisse
840 845 851 864 ‚
895 821 1079 871 testatur
1120 815 1318 861 doricum
1351 820 1444 857 ἐσσί.
1516 814 1645 866 Quod
1683 814 1730 855 in

177 894 299 936 duali
326 895 372 935 in
411 893 566 947 lingua
602 892 812 934 sanserita
846 900 913 934 est
946 908 1033 950 aq
1074 894 1181 942 thas,
1218 909 1244 935 a
1279 896 1429 949 graeco
1457 911 1530 941 τος,
1562 893 1686 935 cuius
1713 912 1732 939 ς

176 973 222 1013 in
250 988 273 1011 ν
301 969 489 1017 transiit,
518 975 562 1010 et
590 968 714 1024 quod
738 969 786 1010 in
813 969 977 1024 plurali
1014 976 1078 1012 est
1112 985 1150 1023 a
1178 971 1273 1019 tha,
1310 985 1340 1012 a
1374 983 1525 1025 graeco
1552 986 1592 1010 τε
1620 969 1733 1024 aspi-

179 1048 344 1089 ratione
378 1053 551 1087 tantum
585 1046 749 1087 differt.
792 1047 950 1103 >Legis
986 1049 1123 1089 vocali
1161 1049 1208 1089 in
1246 1048 1332 1088 fine
1368 1054 1484 1088 caret
1517 1053 1561 1087 et
1591 1048 1732 1102 legitis

178 1124 435 1165 adiunctum
470 1122 602 1163 habet
635 1137 668 1171 s,
703 1123 820 1165 unde
855 1124 1171 1179 Landvoigtius
1209 1123 1407 1172 coniicit,
1443 1123 1574 1164 etiam
1612 1122 1733 1177 apud
1799 1129 1802 1131 ’

177 1202 361 1241 Graecos
390 1199 612 1253 quondam
641 1199 771 1241 fuisse
798 1218 870 1248 τες.
935 1202 1089 1243 Latine
1125 1215 1303 1257 quoque
1329 1201 1458 1255 leg-ite
1483 1213 1564 1254 pro
1592 1200 1734 1256 legitis
1791 1253 1792 1256 Ἴ

178 1292 267 1318 esse
296 1281 569 1331 usurpatum,
599 1283 742 1318 censet
768 1278 821 1319 A.
850 1276 1203 1332 Gmtefendus*).

346 1353 395 1393 ln
431 1352 561 1393 tertia
596 1353 707 1407 sing.
745 1368 868 1394 num.
906 1368 1088 1408 persona
1128 1355 1281 1404 Graeci
1325 1354 1538 1395 abiiciunt
1572 1372 1600 1401 ι,
1641 1366 1732 1408 quo
1777 1403 1780 1407 λ

179 1428 348 1470 abiecto
385 1446 407 1468 τ
443 1428 490 1469 in
530 1429 616 1470 fine
651 1444 868 1472 remanere
895 1431 1063 1486 nequit.
1134 1432 1193 1473 Ut
1226 1437 1539 1486 compensetur,
1576 1449 1593 1470 ε
1627 1415 1675 1471 in
1705 1447 1736 1469 ει

181 1513 401 1553 mutatum
430 1506 679 1548 terminatio
707 1507 849 1549 dualis
877 1525 943 1548 τον
972 1509 1025 1563 (s,
1051 1509 1130 1562 τος)
1160 1509 1290 1562 plane
1318 1522 1418 1548 cum
1444 1522 1530 1564 aq
1547 1515 1612 1549 tas
1639 1520 1737 1547 con-

182 1583 317 1637 gruit,
351 1588 395 1623 et
432 1582 479 1624 in
514 1584 676 1638 plurali
722 1585 949 1626 Dorienses
990 1586 1221 1640 pristiam
1267 1585 1449 1627 formam
1498 1590 1733 1626 servarunt.

183 1659 334 1701 Simile
361 1666 425 1700 est
451 1661 558 1716 legit
583 1667 630 1701 et
657 1662 815 1718 legunt.
1670 1663 1671 1667 ¹

348 1736 468 1777 Vidit
496 1738 709 1792 Boppius,
737 1739 938 1780 futurum
956 1739 1149 1806 primum
1170 1715 1345 1791 linguae
1373 1737 1617 1778 sanseritae
1629 1736 1732 1777 oriri

183 1826 236 1853 ex
266 1811 502 1867 participio
530 1813 670 1855 futuri
699 1816 857 1857 suffixo
883 1829 931 1870 a,
967 1815 1024 1855 tri
1048 1805 1271 1854 terminati
1309 1819 1352 1855 et
1380 1803 1600 1869 praesente
1629 1811 1739 1853 radi

184 1892 246 1931 cis
272 1904 361 1946 §lq
389 1892 679 1938 as,esse.1d
706 1907 847 1953 quum
872 1892 1087 1933 conferret
1114 1906 1212 1933 cum
1248 1892 1379 1931 verbo
1398 1904 1562 1945 graeco,
1590 1890 1761 1954 fugere

184 1981 284 2008 eum
313 1981 400 2008 non
428 1967 593 2023 potuit,
619 1969 750 2010 etiam
778 1969 977 2011 futurum
1016 1968 1206 2024 primum
1245 1968 1421 2025 linguae
1449 1981 1623 2022 graecae
1650 1979 1736 2008 non

213 2152 224 2156 -
259 2135 296 2174 ὥ)
329 2134 436 2171 Ausf,
462 2134 529 2170 Gr.
560 2134 592 2176 Ι,
620 2147 655 2182 p.
683 2134 765 2170 184.
