1949 2366
838 124 1118 162 -26—

201 219 309 271 (ἀνα)
346 219 432 267 obn,
468 236 554 266 να-,
584 221 704 273 cist).
771 220 970 270 Conferri
1022 227 1167 276 potest
1207 236 1408 276 graecum
1445 225 1531 264 ἄνευ
1566 229 1609 262 et
1637 223 1757 276 quod

199 295 246 336 in
282 295 481 338 dialectis
516 296 709 351 antiquis
752 295 1031 344 Germaniae
1053 297 1286 353 superioris
1328 299 1502 354 legitur,
1547 314 1624 341 ano
1668 298 1755 346 sive

200 377 284 414 ami
299 375 381 427 Μ’).
457 374 553 414 Non
589 373 705 413 enim
742 373 955 415 differunt
990 376 1174 425 ἀνήνεμος
1208 381 1252 415 et
1287 360 1451 426 ὦήνεμος,
1480 378 1677 430 ἀνήγρετος
1710 383 1754 416 et

200 452 383 504 νήγρετος,
420 450 600 498 ἆνήλιπος
634 455 679 489 et
714 451 879 498 νήλιπος.
936 451 1012 491 ‘Ex
1053 450 1201 494 eadem
1241 452 1377 507 stirpe
1412 468 1481 500 na,
1510 453 1633 494 cuius
1664 450 1759 495 ,alid

200 528 339 568 forma
367 527 497 567 fuisse
534 526 707 568 videtur
743 542 814 575 nu,
843 526 1028 570 derivari
1064 534 1246 582 possunt
1273 542 1391 572 nenu.
1405 543 1439 568 s.
1468 544 1559 575 non*
1577 537 1622 571 et
1649 546 1755 578 num,

201 604 313 646 inter
341 618 453 659 quae
482 618 684 659 magnam
720 604 982 645 intercedere
1016 604 1389 653 necessitudinem,
1424 605 1511 646 iam
1539 607 1756 663 Gramma-
1779 608 1782 613 '

199 682 275 721 tici
302 681 425 722 latini
455 681 671 721 viderunt.
730 678 894 719 Sensim
912 693 962 722 eo
982 680 1270 733 pervenimus,
1307 688 1357 721 ut
1374 688 1417 721 et
1434 682 1470 722 ἆ.
1478 682 1755 735 privativum,

196 766 239 800 et
266 759 502 813 particulas
540 760 598 805 ἄν,
626 772 680 798 ex
708 770 798 811 qua
825 769 925 796 cum
953 757 1463 812 suffixou'praepositio
1491 759 1576 801 ἀντί
1603 759 1755 806 oritur,

196 850 289 883 non,
320 850 415 876 num
454 842 498 875 et
536 850 590 876 an
619 832 850 875 communi
873 832 1032 887 origini
1061 833 1327 875 vindicemus
1360 848 1594 890 earumque
1630 849 1754 875 usum

198 913 355 954 clarius
392 912 717 967 perspiciamus·
794 910 843 951 In
872 909 968 950 aliis
1003 910 1253 965 compositis
1279 927 1334 953 na
1369 913 1458 953 vim
1487 919 1658 954 tantum
1686 913 1756 953 de-

200 990 527 1041 monstrativam
556 986 699 1036 hab¹et,
729 993 779 1028 ut
798 987 844 1028 in
867 987 1042 1041 gothico
1071 989 1144 1029 ain
1161 986 1205 1028 et
1226 988 1470 1042 germanico
1498 991 1621 1036 einer,
1651 1003 1755 1043 quo-

199 1082 296 1108 rum
334 1066 588 1107 coi-relativa
622 1071 724 1106 sunt
750 1064 964 1119 jain(a)s
1010 1070 1053 1105 et
1085 1066 1229 1119 jener,
1272 1065 1318 1106 in
1356 1067 1430 1113 ἵνα,
1475 1070 1593 1114 τῆνος,
1629 1073 1753 1114 κεῖνος,

198 1145 345 1190 ἐκεῖνος,
366 1146 456 1190 νύν,
477 1157 595 1191 nunc,
615 1157 694 1200 ἧς
711 1155 807 1188 anu,
828 1147 940 1194 post,
956 1146 1089 1194 atque
1104 1140 1149 1181 in
1165 1141 1483 1196 praepositione
1498 1156 1647 1196 graeca
1660 1145 1754 1189 αἰνά,

199 1235 310 1276 quae
338 1220 489 1261 eadem
517 1220 563 1260 in
593 1220 746 1273 lingua
783 1217 958 1273 gothica
992 1223 1036 1258 et
1070 1217 1256 1259 dialecto
1289 1219 1543 1266 Germaniae
1567 1220 1758 1273 superio-

199 1298 256 1338 ris
272 1298 456 1352 antiqua
470 1296 741 1350 legituffss).
803 1294 1007 1335 Latinum
1023 1295 1242 1349 enos”**)
1275 1309 1354 1350 pro
1370 1302 1443 1338 nos
1471 1296 1622 1338 docere
1642 1297 1755 1337 vide-

198 1382 287 1421 tur,
328 1374 458 1415 etiam
492 1388 581 1429 :lq
607 1370 695 1420 n‘as,
732 1386 818 1419 nos,
854 1377 898 1411 et
932 1365 986 1422 ΞΠ
1021 1386 1117 1419 nau,
1154 1372 1273 1426 quod
1309 1380 1372 1413 est
1401 1373 1661 1415 Graecorum
1690 1364 1773 1421 νώ,Γ

198 1466 252 1492 ex
282 1450 500 1505 aphaeresi
530 1444 719 1504 quadam
747 1448 970 1503 prodiisse,

369 1526 566 1582 Boppius
580 1541 633 1567 ex
651 1526 961 1581 stirpeflzrana
976 1524 1108 1568 etiam
1127 1526 1695 1585 praepositionemgraecam
1712 1528 1755 1568 ἐν

200 1612 241 1645 et
258 1604 443 1645 latinam
461 1605 664 1658 in*****),
683 1603 807 1646 cuius
825 1610 1028 1645 naturam
1046 1602 1426 1645 demonstrativam
1443 1619 1497 1646 ex
1516 1600 1759 1658 composito

202 1683 292 1722 inde
320 1681 493 1735 probat,
522 1680 705 1723 derivari
736 1696 859 1736 posse
880 1686 1032 1736 putat,
1063 1665 1172 1721 nihil
1202 1686 1344 1721 tamen
1377 1680 1559 1727 obstare,
1588 1681 1756 1735 quomi-

304 1807 341 1849 *)
366 1805 412 1840 C.
434 1790 605 1857 'Schmidt
629 1805 674 1840 de
698 1805 1025 1852 praepositionibus
1051 1816 1106 1850 gr.
1131 1816 1168 1850 p.
1193 1802 1253 1838 63.

281 1876 341 1918 M)
367 1874 484 1915 Graff,
518 1875 577 1909 die
606 1875 946 1911 althochdeutschen
980 1873 1271 1921 Priip'ositionen.
1322 1872 1557 1920 Kssnigsberg
1573 1873 1679 1915 1824,
1715 1877 1750 1920 pss

367 1944 393 1979 2
417 1947 456 1979 et
479 1943 698 1979 275—277.

257 2014 340 2057 ***)
363 2012 480 2055 Graff,
516 2025 554 2060 p.
578 2012 751 2049 68—92.

231 2083 337 2127 ****)
360 2082 410 2119 A.
437 2082 654 2123 Grotefend,
681 2083 772 2118 ausf.
798 2082 864 2118 Gr.
892 2083 925 2124 Ι,
954 2096 991 2130 p.
1007 2083 1101 2119 ⁵217.
1125 2130 1131 2134 ἱ

200 2147 329 2195 ²'‘²²³“'¹'‘¹'⁵⁴')
354 2151 481 2188 Ueber
505 2152 627 2198 einige
654 2152 843 2188 Demonst.
869 2164 906 2197 p.
932 2151 991 2186 19.
1050 2138 1052 2140 r

389 2265 406 2278 S
