<?xml version="1.0" encoding="UTF-8"?>
<!DOCTYPE html PUBLIC "-//W3C//DTD XHTML 1.0 Transitional//EN"
    "http://www.w3.org/TR/xhtml1/DTD/xhtml1-transitional.dtd">
<html xmlns="http://www.w3.org/1999/xhtml" xml:lang="en" lang="en">
 <head>
  <title>
</title>
<meta http-equiv="Content-Type" content="text/html;charset=utf-8" />
  <meta name='ocr-system' content='tesseract 3.04.00' />
  <meta name='ocr-capabilities' content='ocr_page ocr_carea ocr_par ocr_line ocrx_word'/>
</head>
<body>
  <div class='ocr_page' id='page_1' title='image "4771750_0038.png"; bbox 0 0 1949 2366; ppageno 0'>
   <div class='ocr_carea' id='block_1_1' title="bbox 818 90 1092 152">
    <p class='ocr_par' dir='ltr' id='par_1_1' title="bbox 818 90 1092 152">
     <span class='ocr_line' id='line_1_1' title="bbox 818 90 1092 152; baseline 0.004 -22"><span class='ocrx_word' id='word_1_1' title='bbox 818 90 1092 152; x_wconf 66' lang='lat'>—19÷·</span> 
     </span>
    </p>
   </div>
   <div class='ocr_carea' id='block_1_2' title="bbox 137 175 1735 2223">
    <p class='ocr_par' dir='ltr' id='par_1_2' title="bbox 137 175 1735 2223">
     <span class='ocr_line' id='line_1_2' title="bbox 186 175 1729 242; baseline -0.003 -8"><span class='ocrx_word' id='word_1_2' title='bbox 186 191 411 234; x_wconf 80' lang='lat' dir='ltr'><strong>masculini</strong></span> <span class='ocrx_word' id='word_1_3' title='bbox 447 196 491 228; x_wconf 89' lang='lat' dir='ltr'><strong>et</strong></span> <span class='ocrx_word' id='word_1_4' title='bbox 527 175 676 228; x_wconf 77' lang='lat' dir='ltr'><strong>semini</strong></span> <span class='ocrx_word' id='word_1_5' title='bbox 714 188 878 242; x_wconf 86' lang='lat' dir='ltr'><strong>generis</strong></span> <span class='ocrx_word' id='word_1_6' title='bbox 916 202 937 229; x_wconf 76' lang='lat' dir='ltr'><strong>s</strong></span> <span class='ocrx_word' id='word_1_7' title='bbox 969 188 1015 230; x_wconf 90' lang='lat' dir='ltr'><strong>in</strong></span> <span class='ocrx_word' id='word_1_8' title='bbox 1053 188 1203 242; x_wconf 85' lang='lat' dir='ltr'><strong>lingua</strong></span> <span class='ocrx_word' id='word_1_9' title='bbox 1236 186 1444 227; x_wconf 83' lang='lat' dir='ltr'><strong>sanserita</strong></span> <span class='ocrx_word' id='word_1_10' title='bbox 1478 192 1522 225; x_wconf 88' lang='lat' dir='ltr'><strong>et</strong></span> <span class='ocrx_word' id='word_1_11' title='bbox 1557 188 1729 241; x_wconf 84' lang='lat' dir='ltr'><strong>gothica</strong></span> 
     </span>
     <span class='ocr_line' id='line_1_3' title="bbox 188 253 1729 319; baseline -0.004 -8"><span class='ocrx_word' id='word_1_12' title='bbox 188 253 465 313; x_wconf 53' lang='lat' dir='ltr'><strong>conceditur,</strong></span> <span class='ocrx_word' id='word_1_13' title='bbox 485 265 608 305; x_wconf 88' lang='lat' dir='ltr'><strong>cuius</strong></span> <span class='ocrx_word' id='word_1_14' title='bbox 643 265 703 305; x_wconf 84' lang='lat' dir='ltr'><strong>rei</strong></span> <span class='ocrx_word' id='word_1_15' title='bbox 740 265 850 305; x_wconf 87' lang='lat' dir='ltr'><strong>hanc</strong></span> <span class='ocrx_word' id='word_1_16' title='bbox 881 275 1054 306; x_wconf 72' lang='lat' dir='ltr'><strong>&#39;causam</strong></span> <span class='ocrx_word' id='word_1_17' title='bbox 1091 279 1178 305; x_wconf 85' lang='lat' dir='ltr'><strong>esse</strong></span> <span class='ocrx_word' id='word_1_18' title='bbox 1212 269 1344 319; x_wconf 86' lang='lat' dir='ltr'><strong>putat</strong></span> <span class='ocrx_word' id='word_1_19' title='bbox 1372 263 1581 317; x_wconf 87' lang='lat' dir='ltr'><strong>Boppius‚</strong></span> <span class='ocrx_word' id='word_1_20' title='bbox 1610 264 1729 317; x_wconf 92' lang='lat' dir='ltr'><strong>quod</strong></span> 
     </span>
     <span class='ocr_line' id='line_1_4' title="bbox 186 324 1724 396; baseline -0.003 -12"><span class='ocrx_word' id='word_1_21' title='bbox 186 357 248 384; x_wconf 86' lang='lat' dir='ltr'><strong>res</strong></span> <span class='ocrx_word' id='word_1_22' title='bbox 272 342 470 396; x_wconf 75' lang='lat' dir='ltr'><strong>singulae</strong></span> <span class='ocrx_word' id='word_1_23' title='bbox 497 340 716 386; x_wconf 78' lang='lat' dir='ltr'><strong>notionem</strong></span> <span class='ocrx_word' id='word_1_24' title='bbox 752 324 986 396; x_wconf 71' lang='lat' dir='ltr'><strong>quamdam</strong></span> <span class='ocrx_word' id='word_1_25' title='bbox 1021 339 1310 381; x_wconf 17' lang='lat' dir='ltr'><strong>universalem*</strong></span> <span class='ocrx_word' id='word_1_26' title='bbox 1328 339 1538 386; x_wconf 82' lang='lat' dir='ltr'><strong>efficiant,</strong></span> <span class='ocrx_word' id='word_1_27' title='bbox 1577 339 1640 379; x_wconf 89' lang='lat' dir='ltr'><strong>ita</strong></span> <span class='ocrx_word' id='word_1_28' title='bbox 1676 348 1724 380; x_wconf 90' lang='lat' dir='ltr'><strong>ut</strong></span> 
     </span>
     <span class='ocr_line' id='line_1_5' title="bbox 185 404 1726 474; baseline -0.001 -14"><span class='ocrx_word' id='word_1_29' title='bbox 185 433 270 461; x_wconf 90' lang='lat' dir='ltr'><strong>non</strong></span> <span class='ocrx_word' id='word_1_30' title='bbox 299 419 487 474; x_wconf 86' lang='lat' dir='ltr'><strong>amplius</strong></span> <span class='ocrx_word' id='word_1_31' title='bbox 514 418 628 459; x_wconf 88' lang='lat' dir='ltr'><strong>inter</strong></span> <span class='ocrx_word' id='word_1_32' title='bbox 651 432 697 459; x_wconf 87' lang='lat' dir='ltr'><strong>se</strong></span> <span class='ocrx_word' id='word_1_33' title='bbox 712 417 1050 472; x_wconf 83' lang='lat' dir='ltr'><strong>distinguantur,</strong></span> <span class='ocrx_word' id='word_1_34' title='bbox 1080 418 1153 459; x_wconf 90' lang='lat' dir='ltr'><strong>sed</strong></span> <span class='ocrx_word' id='word_1_35' title='bbox 1166 430 1286 458; x_wconf 86' lang='lat' dir='ltr'><strong>suam</strong></span> <span class='ocrx_word' id='word_1_36' title='bbox 1306 427 1508 471; x_wconf 86' lang='lat' dir='ltr'><strong>quaeque</strong></span> <span class='ocrx_word' id='word_1_37' title='bbox 1527 404 1726 459; x_wconf 84' lang='lat' dir='ltr'><strong>naturam</strong></span> 
     </span>
     <span class='ocr_line' id='line_1_6' title="bbox 184 479 1727 537; baseline -0.002 -2"><span class='ocrx_word' id='word_1_38' title='bbox 184 500 345 536; x_wconf 84' lang='lat' dir='ltr'><strong>exuant</strong></span> <span class='ocrx_word' id='word_1_39' title='bbox 373 500 417 535; x_wconf 84' lang='lat' dir='ltr'><strong>et</strong></span> <span class='ocrx_word' id='word_1_40' title='bbox 451 495 496 536; x_wconf 90' lang='lat' dir='ltr'><strong>in</strong></span> <span class='ocrx_word' id='word_1_41' title='bbox 527 494 805 537; x_wconf 88' lang='lat' dir='ltr'><strong>universalem</strong></span> <span class='ocrx_word' id='word_1_42' title='bbox 835 494 962 536; x_wconf 82' lang='lat' dir='ltr'><strong>istam</strong></span> <span class='ocrx_word' id='word_1_43' title='bbox 998 494 1216 536; x_wconf 85' lang='lat' dir='ltr'><strong>notionem</strong></span> <span class='ocrx_word' id='word_1_44' title='bbox 1240 479 1512 534; x_wconf 76' lang='lat' dir='ltr'><strong>coalescant.</strong></span> <span class='ocrx_word' id='word_1_45' title='bbox 1585 491 1727 532; x_wconf 80' lang='lat' dir='ltr'><strong>Habet</strong></span> 
     </span>
     <span class='ocr_line' id='line_1_7' title="bbox 185 571 1727 628; baseline -0.001 -16"><span class='ocrx_word' id='word_1_46' title='bbox 185 572 314 623; x_wconf 68' lang='lat' dir='ltr'><strong>enimj</strong></span> <span class='ocrx_word' id='word_1_47' title='bbox 335 573 539 613; x_wconf 82' lang='lat' dir='ltr'><strong>sanserita</strong></span> <span class='ocrx_word' id='word_1_48' title='bbox 581 572 731 626; x_wconf 82' lang='lat' dir='ltr'><strong>lingua</strong></span> <span class='ocrx_word' id='word_1_49' title='bbox 773 572 820 613; x_wconf 90' lang='lat' dir='ltr'><strong>in</strong></span> <span class='ocrx_word' id='word_1_50' title='bbox 855 572 1016 627; x_wconf 78' lang='lat' dir='ltr'><strong>plurali</strong></span> <span class='ocrx_word' id='word_1_51' title='bbox 1057 571 1093 623; x_wconf 63' lang='grc' dir='ltr'><strong>ᾗ</strong></span> <span class='ocrx_word' id='word_1_52' title='bbox 1128 579 1178 620; x_wconf 80' lang='lat' dir='ltr'><strong>te,</strong></span> <span class='ocrx_word' id='word_1_53' title='bbox 1201 577 1321 628; x_wconf 57' lang='lat' dir='ltr'><strong>‘atq</strong></span> <span class='ocrx_word' id='word_1_54' title='bbox 1359 572 1441 618; x_wconf 64' lang='lat' dir='ltr'><strong>tas,</strong></span> <span class='ocrx_word' id='word_1_55' title='bbox 1484 571 1601 621; x_wconf 54' lang='grc' dir='ltr'><strong>ῖ-Πίὶτ,</strong></span> <span class='ocrx_word' id='word_1_56' title='bbox 1625 573 1727 623; x_wconf 67' lang='lat' dir='ltr'><strong>tani,</strong></span> 
     </span>
     <span class='ocr_line' id='line_1_8' title="bbox 137 641 1728 704; baseline -0.001 -15"><span class='ocrx_word' id='word_1_57' title='bbox 137 641 139 644; x_wconf 45' lang='lat'>¹</span> <span class='ocrx_word' id='word_1_58' title='bbox 185 649 357 703; x_wconf 84' lang='lat' dir='ltr'><strong>gothica</strong></span> <span class='ocrx_word' id='word_1_59' title='bbox 392 650 503 696; x_wconf 77' lang='lat' dir='ltr'><strong>tkai,</strong></span> <span class='ocrx_word' id='word_1_60' title='bbox 540 648 651 696; x_wconf 74' lang='lat' dir='ltr'><strong>thos,</strong></span> <span class='ocrx_word' id='word_1_61' title='bbox 688 648 773 690; x_wconf 72' lang='lat' dir='ltr'><strong>tho.</strong></span> <span class='ocrx_word' id='word_1_62' title='bbox 833 647 994 704; x_wconf 79' lang='lat' dir='ltr'><strong>Colligi</strong></span> <span class='ocrx_word' id='word_1_63' title='bbox 1031 643 1138 690; x_wconf 88' lang='lat' dir='ltr'><strong>inde·</strong></span> <span class='ocrx_word' id='word_1_64' title='bbox 1170 653 1331 702; x_wconf 87' lang='lat' dir='ltr'><strong>potest,</strong></span> <span class='ocrx_word' id='word_1_65' title='bbox 1368 646 1536 688; x_wconf 83' lang='lat' dir='ltr'><strong>doricas</strong></span> <span class='ocrx_word' id='word_1_66' title='bbox 1571 646 1728 687; x_wconf 86' lang='lat' dir='ltr'><strong>formas</strong></span> 
     </span>
     <span class='ocr_line' id='line_1_9' title="bbox 185 725 1684 780; baseline 0 -14"><span class='ocrx_word' id='word_1_67' title='bbox 185 730 252 773; x_wconf 84' lang='grc' dir='ltr'><strong><em>τοί,</em></strong></span> <span class='ocrx_word' id='word_1_68' title='bbox 281 730 344 767; x_wconf 78' lang='grc' dir='ltr'><strong>ταί</strong></span> <span class='ocrx_word' id='word_1_69' title='bbox 370 726 536 780; x_wconf 83' lang='lat' dir='ltr'><strong>origine</strong></span> <span class='ocrx_word' id='word_1_70' title='bbox 564 739 649 766; x_wconf 88' lang='lat' dir='ltr'><strong>esse</strong></span> <span class='ocrx_word' id='word_1_71' title='bbox 677 725 852 779; x_wconf 82' lang='lat' dir='ltr'><strong>priores.</strong></span> <span class='ocrx_word' id='word_1_72' title='bbox 1677 769 1684 774; x_wconf 55' lang='grc'>,</span> 
     </span>
     <span class='ocr_line' id='line_1_10' title="bbox 293 786 1725 857; baseline 0 -14"><span class='ocrx_word' id='word_1_73' title='bbox 293 804 441 843; x_wconf 86' lang='lat' dir='ltr'><strong>Altera</strong></span> <span class='ocrx_word' id='word_1_74' title='bbox 467 808 613 857; x_wconf 76' lang='lat' dir='ltr'><strong>autem</strong></span> <span class='ocrx_word' id='word_1_75' title='bbox 643 786 814 854; x_wconf 72' lang='lat' dir='ltr'><strong>Boppio</strong></span> <span class='ocrx_word' id='word_1_76' title='bbox 841 801 981 841; x_wconf 79' lang='lat' dir='ltr'><strong>oritur</strong></span> <span class='ocrx_word' id='word_1_77' title='bbox 1009 800 1224 854; x_wconf 78' lang='lat' dir='ltr'><strong>quaestio,</strong></span> <span class='ocrx_word' id='word_1_78' title='bbox 1253 811 1330 841; x_wconf 82' lang='lat' dir='ltr'><strong>cur</strong></span> <span class='ocrx_word' id='word_1_79' title='bbox 1358 801 1579 854; x_wconf 88' lang='lat' dir='ltr'><strong>gothicum</strong></span> <span class='ocrx_word' id='word_1_80' title='bbox 1609 818 1655 843; x_wconf 82' lang='lat' dir='ltr'><strong>sa</strong></span> <span class='ocrx_word' id='word_1_81' title='bbox 1682 812 1725 843; x_wconf 91' lang='lat' dir='ltr'><strong>et</strong></span> 
     </span>
     <span class='ocr_line' id='line_1_11' title="bbox 185 872 1727 933; baseline 0.001 -14"><span class='ocrx_word' id='word_1_82' title='bbox 185 872 383 933; x_wconf 68' lang='lat' dir='ltr'><strong>graecum</strong></span> <span class='ocrx_word' id='word_1_83' title='bbox 422 880 443 918; x_wconf 87' lang='grc' dir='ltr'><strong>ὁ</strong></span> <span class='ocrx_word' id='word_1_84' title='bbox 471 878 594 931; x_wconf 85' lang='lat' dir='ltr'><strong>signo</strong></span> <span class='ocrx_word' id='word_1_85' title='bbox 631 876 906 924; x_wconf 86' lang='lat' dir='ltr'><strong>nominativi,</strong></span> <span class='ocrx_word' id='word_1_86' title='bbox 943 876 1068 917; x_wconf 86' lang='lat' dir='ltr'><strong>litera</strong></span> <span class='ocrx_word' id='word_1_87' title='bbox 1094 891 1134 923; x_wconf 84' lang='lat' dir='ltr'><strong>s,</strong></span> <span class='ocrx_word' id='word_1_88' title='bbox 1171 876 1216 916; x_wconf 91' lang='lat' dir='ltr'><strong>in</strong></span> <span class='ocrx_word' id='word_1_89' title='bbox 1246 877 1331 918; x_wconf 86' lang='lat' dir='ltr'><strong>fine</strong></span> <span class='ocrx_word' id='word_1_90' title='bbox 1359 884 1542 918; x_wconf 78' lang='lat' dir='ltr'><strong>careant.</strong></span> <span class='ocrx_word' id='word_1_91' title='bbox 1601 880 1727 920; x_wconf 84' lang='lat' dir='ltr'><strong>Ratio</strong></span> 
     </span>
     <span class='ocr_line' id='line_1_12' title="bbox 186 941 1729 1012; baseline 0.001 -17"><span class='ocrx_word' id='word_1_92' title='bbox 186 955 224 995; x_wconf 92' lang='lat' dir='ltr'><strong>ei</strong></span> <span class='ocrx_word' id='word_1_93' title='bbox 255 954 300 995; x_wconf 92' lang='lat' dir='ltr'><strong>in</strong></span> <span class='ocrx_word' id='word_1_94' title='bbox 325 941 539 1012; x_wconf 34' lang='lat' dir='ltr'><strong>*promptu</strong></span> <span class='ocrx_word' id='word_1_95' title='bbox 567 960 644 996; x_wconf 65' lang='lat' dir='ltr'><strong>est·</strong></span> <span class='ocrx_word' id='word_1_96' title='bbox 686 952 845 997; x_wconf 79' lang='lat' dir='ltr'><strong>&#39;Quum</strong></span> <span class='ocrx_word' id='word_1_97' title='bbox 873 951 988 993; x_wconf 88' lang='lat' dir='ltr'><strong>enim</strong></span> <span class='ocrx_word' id='word_1_98' title='bbox 1012 951 1200 1001; x_wconf 84' lang='lat' dir='ltr'><strong>nomina,</strong></span> <span class='ocrx_word' id='word_1_99' title='bbox 1228 952 1390 1007; x_wconf 88' lang='lat' dir='ltr'><strong>quibus</strong></span> <span class='ocrx_word' id='word_1_100' title='bbox 1417 954 1438 994; x_wconf 86' lang='grc' dir='ltr'>ὁ</span> <span class='ocrx_word' id='word_1_101' title='bbox 1467 960 1510 994; x_wconf 90' lang='lat' dir='ltr'><strong>et</strong></span> <span class='ocrx_word' id='word_1_102' title='bbox 1537 970 1584 996; x_wconf 83' lang='lat' dir='ltr'><strong>sa</strong></span> <span class='ocrx_word' id='word_1_103' title='bbox 1611 970 1729 1010; x_wconf 90' lang='lat' dir='ltr'><strong>prae-</strong></span> 
     </span>
     <span class='ocr_line' id='line_1_13' title="bbox 188 1013 1727 1086; baseline 0.001 -14"><span class='ocrx_word' id='word_1_104' title='bbox 188 1037 434 1086; x_wconf 87' lang='lat' dir='ltr'><strong>ponuntur,</strong></span> <span class='ocrx_word' id='word_1_105' title='bbox 471 1031 516 1074; x_wconf 93' lang='lat' dir='ltr'><strong>in</strong></span> <span class='ocrx_word' id='word_1_106' title='bbox 544 1031 646 1072; x_wconf 80' lang='lat' dir='ltr'><strong>casu</strong></span> <span class='ocrx_word' id='word_1_107' title='bbox 675 1036 790 1072; x_wconf 87' lang='lat' dir='ltr'><strong>recto</strong></span> <span class='ocrx_word' id='word_1_108' title='bbox 816 1013 931 1071; x_wconf 85' lang='lat' dir='ltr'><strong>illud</strong></span> <span class='ocrx_word' id='word_1_109' title='bbox 958 1041 978 1071; x_wconf 81' lang='lat' dir='ltr'><strong>s</strong></span> <span class='ocrx_word' id='word_1_110' title='bbox 1001 1029 1092 1071; x_wconf 47' lang='lat' dir='ltr'><strong>*sive</strong></span> <span class='ocrx_word' id='word_1_111' title='bbox 1124 1029 1217 1070; x_wconf 88' lang='lat' dir='ltr'><strong>eius</strong></span> <span class='ocrx_word' id='word_1_112' title='bbox 1244 1029 1452 1071; x_wconf 83' lang='lat' dir='ltr'><strong>vicarium</strong></span> <span class='ocrx_word' id='word_1_113' title='bbox 1481 1045 1505 1070; x_wconf 89' lang='lat' dir='ltr'><em>r</em></span> <span class='ocrx_word' id='word_1_114' title='bbox 1532 1031 1727 1081; x_wconf 84' lang='lat' dir='ltr'><strong>habeant,</strong></span> 
     </span>
     <span class='ocr_line' id='line_1_14' title="bbox 186 1106 1735 1167; baseline 0.001 -18"><span class='ocrx_word' id='word_1_115' title='bbox 186 1119 546 1163; x_wconf 83' lang='lat' dir='ltr'><strong>supervacaneum</strong></span> <span class='ocrx_word' id='word_1_116' title='bbox 575 1115 661 1149; x_wconf 82' lang='lat' dir='ltr'><strong>esse</strong></span> <span class='ocrx_word' id='word_1_117' title='bbox 682 1107 923 1167; x_wconf 79' lang='lat' dir='ltr'><strong>videbatur.</strong></span> <span class='ocrx_word' id='word_1_118' title='bbox 982 1106 1231 1148; x_wconf 85' lang='lat' dir='ltr'><strong>Notandum</strong></span> <span class='ocrx_word' id='word_1_119' title='bbox 1245 1113 1309 1147; x_wconf 87' lang='lat' dir='ltr'><strong>est</strong></span> <span class='ocrx_word' id='word_1_120' title='bbox 1324 1113 1482 1154; x_wconf 88' lang='lat' dir='ltr'><strong>autem,</strong></span> <span class='ocrx_word' id='word_1_121' title='bbox 1510 1108 1556 1148; x_wconf 90' lang='lat' dir='ltr'><strong>in</strong></span> <span class='ocrx_word' id='word_1_122' title='bbox 1576 1109 1735 1163; x_wconf 75' lang='lat' dir='ltr'><strong>lingua</strong></span> 
     </span>
     <span class='ocr_line' id='line_1_15' title="bbox 186 1177 1725 1239; baseline 0.001 -15"><span class='ocrx_word' id='word_1_123' title='bbox 186 1177 391 1225; x_wconf 81' lang='lat' dir='ltr'><strong>sanserita</strong></span> <span class='ocrx_word' id='word_1_124' title='bbox 408 1185 570 1239; x_wconf 81' lang='lat' dir='ltr'><strong>pariter</strong></span> <span class='ocrx_word' id='word_1_125' title='bbox 597 1198 646 1225; x_wconf 89' lang='lat' dir='ltr'><strong>ac</strong></span> <span class='ocrx_word' id='word_1_126' title='bbox 662 1184 834 1238; x_wconf 88' lang='lat' dir='ltr'><strong>gothica</strong></span> <span class='ocrx_word' id='word_1_127' title='bbox 848 1184 928 1225; x_wconf 91' lang='lat' dir='ltr'><strong>hoc</strong></span> <span class='ocrx_word' id='word_1_128' title='bbox 943 1196 964 1225; x_wconf 78' lang='lat' dir='ltr'><strong>s</strong></span> <span class='ocrx_word' id='word_1_129' title='bbox 990 1183 1236 1225; x_wconf 89' lang='lat' dir='ltr'><strong>masculinis</strong></span> <span class='ocrx_word' id='word_1_130' title='bbox 1251 1189 1295 1224; x_wconf 88' lang='lat' dir='ltr'><strong>et</strong></span> <span class='ocrx_word' id='word_1_131' title='bbox 1310 1183 1528 1224; x_wconf 80' lang='lat' dir='ltr'><strong>femininis</strong></span> <span class='ocrx_word' id='word_1_132' title='bbox 1540 1191 1725 1233; x_wconf 83' lang='lat' dir='ltr'><strong>tantum,</strong></span> 
     </span>
     <span class='ocr_line' id='line_1_16' title="bbox 189 1260 1726 1316; baseline 0.001 -14"><span class='ocrx_word' id='word_1_133' title='bbox 189 1274 265 1302; x_wconf 89' lang='lat' dir='ltr'><strong>nec</strong></span> <span class='ocrx_word' id='word_1_134' title='bbox 292 1274 390 1301; x_wconf 86' lang='lat' dir='ltr'><strong>vero</strong></span> <span class='ocrx_word' id='word_1_135' title='bbox 419 1261 581 1302; x_wconf 84' lang='lat' dir='ltr'><strong>neutris</strong></span> <span class='ocrx_word' id='word_1_136' title='bbox 608 1262 741 1315; x_wconf 86' lang='lat' dir='ltr'><strong>affigi.</strong></span> <span class='ocrx_word' id='word_1_137' title='bbox 799 1260 993 1313; x_wconf 81' lang='lat' dir='ltr'><strong>Exiguus</strong></span> <span class='ocrx_word' id='word_1_138' title='bbox 1030 1266 1281 1301; x_wconf 87' lang='lat' dir='ltr'><strong>neutrorum</strong></span> <span class='ocrx_word' id='word_1_139' title='bbox 1316 1260 1361 1300; x_wconf 89' lang='lat' dir='ltr'><strong>in</strong></span> <span class='ocrx_word' id='word_1_140' title='bbox 1398 1260 1551 1314; x_wconf 87' lang='lat' dir='ltr'><strong>lingua</strong></span> <span class='ocrx_word' id='word_1_141' title='bbox 1578 1276 1726 1316; x_wconf 86' lang='lat' dir='ltr'><strong>graeca</strong></span> 
     </span>
     <span class='ocr_line' id='line_1_17' title="bbox 187 1329 1723 1390; baseline 0.001 -13"><span class='ocrx_word' id='word_1_142' title='bbox 187 1344 231 1377; x_wconf 88' lang='lat' dir='ltr'><strong>et</strong></span> <span class='ocrx_word' id='word_1_143' title='bbox 280 1338 416 1378; x_wconf 83' lang='lat' dir='ltr'><strong>latina</strong></span> <span class='ocrx_word' id='word_1_144' title='bbox 431 1367 441 1385; x_wconf 89' lang='lat'>‚</span> <span class='ocrx_word' id='word_1_145' title='bbox 502 1338 536 1377; x_wconf 92' lang='lat' dir='ltr'><strong>si</strong></span> <span class='ocrx_word' id='word_1_146' title='bbox 566 1329 688 1377; x_wconf 21' lang='lat' dir='ltr'><strong>*cum</strong></span> <span class='ocrx_word' id='word_1_147' title='bbox 736 1335 984 1377; x_wconf 87' lang='lat' dir='ltr'><strong>masculinis</strong></span> <span class='ocrx_word' id='word_1_148' title='bbox 1033 1342 1078 1376; x_wconf 86' lang='lat' dir='ltr'><strong>et</strong></span> <span class='ocrx_word' id='word_1_149' title='bbox 1133 1332 1350 1376; x_wconf 73' lang='lat' dir='ltr'><strong>femininis</strong></span> <span class='ocrx_word' id='word_1_150' title='bbox 1402 1340 1723 1390; x_wconf 77' lang='lat' dir='ltr'><strong>comparaveris,</strong></span> 
     </span>
     <span class='ocr_line' id='line_1_18' title="bbox 186 1413 1724 1470; baseline 0.001 -16"><span class='ocrx_word' id='word_1_151' title='bbox 186 1426 389 1455; x_wconf 86' lang='lat' dir='ltr'><strong>numerus</strong></span> <span class='ocrx_word' id='word_1_152' title='bbox 422 1413 569 1461; x_wconf 88' lang='lat' dir='ltr'><strong>docet,</strong></span> <span class='ocrx_word' id='word_1_153' title='bbox 605 1426 654 1454; x_wconf 83' lang='lat' dir='ltr'><strong>ea</strong></span> <span class='ocrx_word' id='word_1_154' title='bbox 689 1413 769 1454; x_wconf 85' lang='lat' dir='ltr'><strong>hoc</strong></span> <span class='ocrx_word' id='word_1_155' title='bbox 795 1428 815 1453; x_wconf 83' lang='lat' dir='ltr'><strong>s</strong></span> <span class='ocrx_word' id='word_1_156' title='bbox 850 1426 927 1466; x_wconf 89' lang='lat' dir='ltr'><strong>per</strong></span> <span class='ocrx_word' id='word_1_157' title='bbox 960 1413 1144 1453; x_wconf 85' lang='lat' dir='ltr'><strong>abusum</strong></span> <span class='ocrx_word' id='word_1_158' title='bbox 1178 1413 1466 1468; x_wconf 82' lang='lat' dir='ltr'><strong>assumpsisse.</strong></span> <span class='ocrx_word' id='word_1_159' title='bbox 1533 1414 1572 1455; x_wconf 81' lang='lat' dir='ltr'><em>S</em></span> <span class='ocrx_word' id='word_1_160' title='bbox 1602 1429 1724 1470; x_wconf 85' lang='lat' dir='ltr'><strong>saepe</strong></span> 
     </span>
     <span class='ocr_line' id='line_1_19' title="bbox 186 1476 1726 1545; baseline 0.002 -15"><span class='ocrx_word' id='word_1_161' title='bbox 186 1476 246 1532; x_wconf 16' lang='lat' dir='ltr'><strong>in*</strong></span> <span class='ocrx_word' id='word_1_162' title='bbox 264 1504 291 1531; x_wconf 66' lang='lat' dir='ltr'><strong>‘r</strong></span> <span class='ocrx_word' id='word_1_163' title='bbox 328 1490 527 1538; x_wconf 80' lang='lat' dir='ltr'><strong>transire,</strong></span> <span class='ocrx_word' id='word_1_164' title='bbox 574 1504 600 1531; x_wconf 90' lang='lat' dir='ltr'><strong>a</strong></span> <span class='ocrx_word' id='word_1_165' title='bbox 641 1489 937 1545; x_wconf 83' lang='lat' dir='ltr'><strong>grammaticis</strong></span> <span class='ocrx_word' id='word_1_166' title='bbox 973 1489 1119 1530; x_wconf 81' lang='lat' dir='ltr'><strong>latinis</strong></span> <span class='ocrx_word' id='word_1_167' title='bbox 1164 1497 1209 1531; x_wconf 88' lang='lat' dir='ltr'><strong>et</strong></span> <span class='ocrx_word' id='word_1_168' title='bbox 1253 1490 1413 1544; x_wconf 87' lang='lat' dir='ltr'><strong>graecis</strong></span> <span class='ocrx_word' id='word_1_169' title='bbox 1457 1491 1542 1532; x_wconf 84' lang='lat' dir='ltr'><strong>iam</strong></span> <span class='ocrx_word' id='word_1_170' title='bbox 1588 1494 1726 1534; x_wconf 87' lang='lat' dir='ltr'><strong>obser-</strong></span> 
     </span>
     <span class='ocr_line' id='line_1_20' title="bbox 186 1551 1725 1622; baseline 0.001 -13"><span class='ocrx_word' id='word_1_171' title='bbox 186 1575 334 1609; x_wconf 88' lang='lat' dir='ltr'><strong>vatum</strong></span> <span class='ocrx_word' id='word_1_172' title='bbox 370 1576 452 1615; x_wconf 86' lang='lat' dir='ltr'><strong>est,</strong></span> <span class='ocrx_word' id='word_1_173' title='bbox 500 1567 572 1608; x_wconf 89' lang='lat' dir='ltr'><strong>sed</strong></span> <span class='ocrx_word' id='word_1_174' title='bbox 616 1568 750 1622; x_wconf 74' lang='lat' dir='ltr'><strong>quain</strong></span> <span class='ocrx_word' id='word_1_175' title='bbox 784 1567 871 1607; x_wconf 88' lang='lat' dir='ltr'><strong>late</strong></span> <span class='ocrx_word' id='word_1_176' title='bbox 913 1567 1020 1618; x_wconf 40' lang='lat' dir='ltr'><strong>haec,</strong></span> <span class='ocrx_word' id='word_1_177' title='bbox 1048 1566 1244 1607; x_wconf 77' lang='lat' dir='ltr'><strong>affinium</strong></span> <span class='ocrx_word' id='word_1_178' title='bbox 1282 1551 1503 1608; x_wconf 71' lang='lat' dir='ltr'><strong>literarum</strong></span> <span class='ocrx_word' id='word_1_179' title='bbox 1542 1560 1725 1611; x_wconf 85' lang='lat' dir='ltr'><strong>mutatio</strong></span> 
     </span>
     <span class='ocr_line' id='line_1_21' title="bbox 185 1631 1724 1698; baseline 0.001 -13"><span class='ocrx_word' id='word_1_180' title='bbox 185 1651 366 1698; x_wconf 69' lang='lat' dir='ltr'><strong>pateat,</strong></span> <span class='ocrx_word' id='word_1_181' title='bbox 394 1657 567 1698; x_wconf 84' lang='lat' dir='ltr'><strong>prorsus</strong></span> <span class='ocrx_word' id='word_1_182' title='bbox 600 1643 742 1684; x_wconf 90' lang='lat' dir='ltr'><strong>adhuc</strong></span> <span class='ocrx_word' id='word_1_183' title='bbox 778 1657 849 1684; x_wconf 90' lang='lat' dir='ltr'><strong>eos</strong></span> <span class='ocrx_word' id='word_1_184' title='bbox 876 1643 992 1697; x_wconf 84' lang='lat' dir='ltr'><strong>fugit</strong></span> <span class='ocrx_word' id='word_1_185' title='bbox 1018 1649 1064 1684; x_wconf 84' lang='lat' dir='ltr'><strong>et</strong></span> <span class='ocrx_word' id='word_1_186' title='bbox 1089 1658 1112 1683; x_wconf 89' lang='lat' dir='ltr'><strong>e</strong></span> <span class='ocrx_word' id='word_1_187' title='bbox 1139 1644 1291 1696; x_wconf 88' lang='lat' dir='ltr'><strong>lingua</strong></span> <span class='ocrx_word' id='word_1_188' title='bbox 1317 1631 1525 1684; x_wconf 82' lang='lat' dir='ltr'><strong>sanscrita</strong></span> <span class='ocrx_word' id='word_1_189' title='bbox 1551 1644 1724 1687; x_wconf 89' lang='lat' dir='ltr'><strong>demum</strong></span> 
     </span>
     <span class='ocr_line' id='line_1_22' title="bbox 186 1705 1725 1782; baseline 0.001 -21"><span class='ocrx_word' id='word_1_190' title='bbox 186 1720 293 1761; x_wconf 87' lang='lat' dir='ltr'><strong>disci</strong></span> <span class='ocrx_word' id='word_1_191' title='bbox 322 1725 480 1775; x_wconf 86' lang='lat' dir='ltr'><strong>potest.</strong></span> <span class='ocrx_word' id='word_1_192' title='bbox 539 1721 587 1762; x_wconf 84' lang='lat' dir='ltr'><em>R</em></span> <span class='ocrx_word' id='word_1_193' title='bbox 617 1719 837 1761; x_wconf 87' lang='lat' dir='ltr'><strong>fortiorem</strong></span> <span class='ocrx_word' id='word_1_194' title='bbox 858 1718 989 1782; x_wconf 64' lang='lat' dir='ltr'><strong>etiam</strong></span> <span class='ocrx_word' id='word_1_195' title='bbox 1011 1705 1168 1759; x_wconf 34' lang='lat' dir='ltr'><strong>sonum&#39;</strong></span> <span class='ocrx_word' id='word_1_196' title='bbox 1179 1719 1334 1767; x_wconf 91' lang='lat' dir='ltr'><strong>reddit,</strong></span> <span class='ocrx_word' id='word_1_197' title='bbox 1364 1733 1497 1775; x_wconf 87' lang='lat' dir='ltr'><strong>quam</strong></span> <span class='ocrx_word' id='word_1_198' title='bbox 1517 1736 1550 1762; x_wconf 85' lang='lat' dir='ltr'><strong>s.</strong></span> <span class='ocrx_word' id='word_1_199' title='bbox 1595 1721 1725 1764; x_wconf 86' lang='lat' dir='ltr'><strong>Recte</strong></span> 
     </span>
     <span class='ocr_line' id='line_1_23' title="bbox 186 1790 1724 1850; baseline 0.002 -13"><span class='ocrx_word' id='word_1_200' title='bbox 186 1797 322 1850; x_wconf 87' lang='lat' dir='ltr'><strong>igitur</strong></span> <span class='ocrx_word' id='word_1_201' title='bbox 358 1798 633 1845; x_wconf 83' lang='lat' dir='ltr'><strong>Drechslerus</strong></span> <span class='ocrx_word' id='word_1_202' title='bbox 677 1798 785 1850; x_wconf 82' lang='lat' dir='ltr'><strong>hanc</strong></span> <span class='ocrx_word' id='word_1_203' title='bbox 827 1795 996 1837; x_wconf 86' lang='lat' dir='ltr'><strong>literam</strong></span> <span class='ocrx_word' id='word_1_204' title='bbox 1037 1795 1240 1837; x_wconf 87' lang='lat' dir='ltr'><strong>Romanis</strong></span> <span class='ocrx_word' id='word_1_205' title='bbox 1280 1804 1325 1838; x_wconf 87' lang='lat' dir='ltr'><strong>et</strong></span> <span class='ocrx_word' id='word_1_206' title='bbox 1369 1790 1724 1847; x_wconf 75' lang='lat' dir='ltr'><strong>Lacedaemoniis,</strong></span> 
     </span>
     <span class='ocr_line' id='line_1_24' title="bbox 186 1872 1724 1930; baseline 0.002 -17"><span class='ocrx_word' id='word_1_207' title='bbox 186 1873 364 1930; x_wconf 86' lang='lat' dir='ltr'><strong>populis</strong></span> <span class='ocrx_word' id='word_1_208' title='bbox 391 1874 654 1922; x_wconf 79' lang='lat' dir='ltr'><strong>fortissimis,</strong></span> <span class='ocrx_word' id='word_1_209' title='bbox 691 1887 771 1928; x_wconf 90' lang='lat' dir='ltr'><strong>pro</strong></span> <span class='ocrx_word' id='word_1_210' title='bbox 799 1887 875 1913; x_wconf 87' lang='lat' dir='ltr'><strong>sua</strong></span> <span class='ocrx_word' id='word_1_211' title='bbox 902 1872 1062 1912; x_wconf 88' lang='lat' dir='ltr'><strong>virtute</strong></span> <span class='ocrx_word' id='word_1_212' title='bbox 1089 1872 1153 1914; x_wconf 89' lang='lat' dir='ltr'><strong>ita</strong></span> <span class='ocrx_word' id='word_1_213' title='bbox 1175 1872 1225 1920; x_wconf 17' lang='lat' dir='ltr'><strong>,in</strong></span> <span class='ocrx_word' id='word_1_214' title='bbox 1254 1873 1420 1915; x_wconf 78' lang='lat' dir='ltr'><strong>deliciis</strong></span> <span class='ocrx_word' id='word_1_215' title='bbox 1448 1874 1574 1915; x_wconf 85' lang='lat' dir='ltr'><strong>fuisse</strong></span> <span class='ocrx_word' id='word_1_216' title='bbox 1602 1874 1724 1924; x_wconf 85' lang='lat' dir='ltr'><strong>dicit,</strong></span> 
     </span>
     <span class='ocr_line' id='line_1_25' title="bbox 188 1940 1724 2009; baseline 0.003 -19"><span class='ocrx_word' id='word_1_217' title='bbox 188 1956 237 1990; x_wconf 92' lang='lat' dir='ltr'><strong>ut</strong></span> <span class='ocrx_word' id='word_1_218' title='bbox 258 1940 523 2004; x_wconf 87' lang='lat' dir='ltr'><strong>ubicumque</strong></span> <span class='ocrx_word' id='word_1_219' title='bbox 542 1951 702 1998; x_wconf 89' lang='lat' dir='ltr'><strong>liceret,</strong></span> <span class='ocrx_word' id='word_1_220' title='bbox 729 1949 988 2009; x_wconf 72' lang='lat' dir='ltr'><strong>eamliterae</strong></span> <span class='ocrx_word' id='word_1_221' title='bbox 1014 1963 1035 1991; x_wconf 78' lang='lat' dir='ltr'><strong>s</strong></span> <span class='ocrx_word' id='word_1_222' title='bbox 1062 1950 1386 2000; x_wconf 72' lang='lat' dir='ltr'><strong>substituerent,</strong></span> <span class='ocrx_word' id='word_1_223' title='bbox 1402 1951 1554 1993; x_wconf 60' lang='lat' dir='ltr'><strong>“servili</strong></span> <span class='ocrx_word' id='word_1_224' title='bbox 1577 1959 1724 1994; x_wconf 85' lang='lat' dir='ltr'><strong>autem</strong></span> 
     </span>
     <span class='ocr_line' id='line_1_26' title="bbox 187 2008 1726 2083; baseline 0.001 -15"><span class='ocrx_word' id='word_1_225' title='bbox 187 2027 330 2068; x_wconf 89' lang='lat' dir='ltr'><strong>animo</strong></span> <span class='ocrx_word' id='word_1_226' title='bbox 358 2026 421 2066; x_wconf 88' lang='lat' dir='ltr'><strong>ita</strong></span> <span class='ocrx_word' id='word_1_227' title='bbox 449 2008 675 2081; x_wconf 70' lang='lat' dir='ltr'><strong>refragari,</strong></span> <span class='ocrx_word' id='word_1_228' title='bbox 709 2033 761 2067; x_wconf 91' lang='lat' dir='ltr'><strong>ut</strong></span> <span class='ocrx_word' id='word_1_229' title='bbox 792 2013 989 2081; x_wconf 32' lang='lat' dir='ltr'><strong>&#39;populus</strong></span> <span class='ocrx_word' id='word_1_230' title='bbox 1015 2023 1224 2076; x_wconf 83' lang='lat' dir='ltr'><strong>Sinensis‚</strong></span> <span class='ocrx_word' id='word_1_231' title='bbox 1259 2028 1337 2083; x_wconf 91' lang='lat' dir='ltr'><strong>qui</strong></span> <span class='ocrx_word' id='word_1_232' title='bbox 1366 2029 1573 2070; x_wconf 79' lang='lat' dir='ltr'><strong>bambusa</strong></span> <span class='ocrx_word' id='word_1_233' title='bbox 1600 2043 1726 2070; x_wconf 86' lang='lat' dir='ltr'><strong>arun-</strong></span> 
     </span>
     <span class='ocr_line' id='line_1_27' title="bbox 189 2103 1731 2161; baseline 0.003 -17"><span class='ocrx_word' id='word_1_234' title='bbox 189 2104 366 2160; x_wconf 80' lang='lat' dir='ltr'><strong>dinaoea</strong></span> <span class='ocrx_word' id='word_1_235' title='bbox 393 2103 570 2158; x_wconf 83' lang='lat' dir='ltr'><strong>regitur,</strong></span> <span class='ocrx_word' id='word_1_236' title='bbox 599 2120 623 2145; x_wconf 82' lang='lat' dir='ltr'><strong>r</strong></span> <span class='ocrx_word' id='word_1_237' title='bbox 651 2119 704 2146; x_wconf 87' lang='lat' dir='ltr'><strong>ne</strong></span> <span class='ocrx_word' id='word_1_238' title='bbox 731 2103 879 2159; x_wconf 83' lang='lat' dir='ltr'><strong>eloqui</strong></span> <span class='ocrx_word' id='word_1_239' title='bbox 894 2103 1072 2159; x_wconf 86' lang='lat' dir='ltr'><strong>quidem</strong></span> <span class='ocrx_word' id='word_1_240' title='bbox 1091 2104 1241 2159; x_wconf 86' lang='lat' dir='ltr'><strong>possit.</strong></span> <span class='ocrx_word' id='word_1_241' title='bbox 1298 2106 1448 2161; x_wconf 87' lang='lat' dir='ltr'><strong>Neque</strong></span> <span class='ocrx_word' id='word_1_242' title='bbox 1457 2106 1589 2148; x_wconf 82' lang='lat' dir='ltr'><strong>aliter</strong></span> <span class='ocrx_word' id='word_1_243' title='bbox 1601 2107 1731 2149; x_wconf 87' lang='lat' dir='ltr'><strong>Clau-</strong></span> 
     </span>
     <span class='ocr_line' id='line_1_28' title="bbox 741 2182 1453 2223; baseline 0 -39"><span class='ocrx_word' id='word_1_244' title='bbox 741 2182 743 2184; x_wconf 87' lang='lat'>.</span> <span class='ocrx_word' id='word_1_245' title='bbox 808 2189 810 2192; x_wconf 17' lang='lat' dir='ltr'>v</span> <span class='ocrx_word' id='word_1_246' title='bbox 1374 2187 1400 2223; x_wconf 80' lang='lat'><strong>3</strong></span> <span class='ocrx_word' id='word_1_247' title='bbox 1430 2183 1453 2207; x_wconf 40' lang='lat' dir='ltr'><strong>*k</strong></span> 
     </span>
    </p>
   </div>
  </div>
 </body>
</html>
