1949 2366
825 131 916 143 f-
969 85 1169 147 33*—x

224 213 305 252 nisi
332 210 507 251 verbum.
568 208 904 262 Praepositiones
942 210 1091 261 itaque,
1132 222 1253 261 quum
1281 200 1609 250 nominum-sunt
1637 226 1765 257 casus,

183 330 190 337 ,
222 288 434 329 verborum
460 274 569 329 sunt.
627 284 951 338 Antiquissimis
971 280 1217 337 temporibus
1245 298 1327 324 non
1355 285 1548 325 videntur
1576 300 1603 325 a
1631 287 1761 327 'verbis

225 362 396 415 dispesci
424 362 618 414 potuisse,
661 364 771 414 ‘q'uod
794 368 893 416 post
929 363 992 403 ita
1020 359 1087 401 >est
1124 362 1393 408 immutatum,
1430 367 1479 400 ut
1515 363 1572 401 ad
1604 362 1764 402 verbum

224 421 385 489 quidem
412 438 630 492 etiamnum
659 440 925 492 pertinerent,
960 438 1099 492 earum
1121 444 1266 478 ‘tamen
1301 439 1413 491 locus
1446 445 1548 478 esset
1584 438 1764 486 liberior,

225 514 288 552 ita
320 521 368 553 ut
413 507 616 554 interdum
642 498 802 568 ferme
823 513 1108 556 adverbiorum
1145 528 1230 555 ,esse
1272 516 1508 562 viderentur
1545 522 1762 569 potestate,

225 592 367 632 deinde
401 592 521 636 etiam
566 593 624 632 ad
663 594 824 635 nomina
835 589 841 597 ⁶
861 599 1203 647 apponerentur.“
1241 615 1296 622 —-
1332 579 1596 646 Exemplum
1640 592 1766 633 affert

225 668 273 707 ll.
301 670 342 714 2,
370 674 454 710 219
481 682 532 708 ss.
562 691 618 699 —-
654 669 757 716 „Ex
784 670 854 709 illo
883 670 1072 710 liberiore
1091 670 1442 721 praepositionum
1463 671 1621 721 positu,
1649 683 1766 721 quem

219 739 393 798 propter
420 758 491 785 nec
518 758 608 785 vere
620 733 1162 798 facerent'compositionem
1197 758 1288 784 cum
1325 743 1459 791 verbo,
1494 758 1565 785 nec
1591 758 1682 785 vere
1709 759 1766 785 es-

225 827 312 860 sent
332 811 669 873 praepositiones,
711 818 833 873 quum
869 821 933 859 vel
965 834 1113 865 casum,
1149 833 1263 871 quem
1294 806 1466 871 proprie
1491 819 1764 874 flagitarent,

223 897 497 951 negligerent,
532 897 656 947 veluti
672 930 676 932 .
690 888 796 936 sunt*
825 893 1036 937 Ciceronis
1063 895 1160 935 illa:
1187 894 1301 934 mala
1328 894 1453 935 bonis
1481 895 1607 949 ponit
1645 902 1763 937 ante:

212 973 381 1024 factum
416 986 497 1013 esse
534 975 665 1020 credo,
687 980 741 1013 -ut
758 959 761 962 ⁴
776 973 993 1012 nonnullae
1025 983 1115 1012 vere
1136 970 1294 1024 flerent
1331 971 1523 1020 adverbia
1540 965 1762 1013 interdum.

225 1049 300 1090 Ex
328 1063 376 1090 ea
395 1051 756 1103 praepositionum»
772 1055 923 1089 natura
950 1054 1071 1101 atque
1099 1048 1358 1101 proprietate
1384 1049 1629 1102 explicatur,
1657 1054 1768 1103 quod

223 1127 441 1167 nonnullae
466 1128 683 1182 propriam
717 1140 832 1167 suam
855 1127 947 1175 pim
993 1126 1359 1177 incompositione
1393 1131 1552 1187 tantum
1589 1128 1763 1168 retinue-

161 1241 167 1246 ,
224 1209 334 1243 runt.
402 1186 479 1243 Ad
511 1217 673 1257 eamque
706 1203 933 1256 opinionem
968 1214 1109 1254 quum-
1131 1201 1215 1240 alia
1258 1202 1411 1242 ducant
1447 1203 1639 1257 vestigia,
1678 1210 1762 1244 tum

224 1295 305 1319 non
326 1281 453 1332 parvi
478 1281 640 1319 videtur
666 1284 746 1319 esse
776 1279 964 1318 momenti
1001 1277 1212 1319 verborum
1240 1280 1604 1330 componendorum
1633 1280 1699 1319 lea:
1727 1288 1761 1320 et

224 1357 506 1398 consuetudo.“
578 1354 826 1408 Spitznerus
855 1352 1219 1411 ,praepositioueS,
1248 1367 1361 1407 quae
1395 1353 1572 1411 proprie
1607 1355 1667 1395 sic
1696 1371 1761 1397 vo-

225 1439 387 1480 centur,
418 1432 546 1472 fuisse
574 1431 681 1472 dicit
709 1431 909 1473 adverbia
939 1430 1036 1477 loci,
1074 1429 1234 1482 quibus
1272 1415 1533 1483 quae-inter
1569 1431 1656 1471 duo
1691 1447 1760 1472 no-

223 1509 341 1550 mina
367 1497 543 1550 >iutersit
579 1508 860 1556 necessitudo,
892 1505 1136 1550 distinctius
1163 1506 1407 1561 explicetur
1442 1515 1485 1547 et
1521 1509 1758 1549 accuratius

223 1586 518 1638 definiatur*).

390 1664 456 1720 Ex
485 1662 799 1717 praepositione
825 1662 927 1712 3131,
955 1661 1067 1707 adm,
1087 1664 1225 1707 trans,
1262 1675 1395 1714 super,
1432 1663 1546 1701 ultra
1574 1655 1761 1714 explicat

225 1738 488 1795 Schmidtius
517 1725 692 1793 *graecas
726 1735 1062 1792 praepositiones
1097 1742 1136 1777 ἐν
1176 1743 1220 1777 et
1264 1739 1323 1785 εἰς,
1371 1752 1480 1792 quas
1517 1737 1761 1792 antiquitus

225 1829 355 1855 unam
385 1815 664 1869 eamdemque
699 1828 843 1854 vocem
888 1813 1018 1854 fuisse
1053 1818 1182 1866 putat
1220 1827 1300 1853 usu
1331 1820 1503 1856 tantum
1531 1814 1759 1868 paullatim

303 1984 343 2025 ’¹‘)
365 1983 423 2018 Cf.
461 1983 647 2019 Francisci
686 1983 867 2030 Spitzneri
900 1959 1116 2018 Dissertatio
1139 1984 1196 2024 Vde
1223 1985 1257 2031 vi
1290 1990 1328 2020 et
1362 1998 1427 2020 usu
1458 1984 1760 2031 praepositionum

311 2071 314 2074 -
366 2050 432 2088 ἀνά
458 2057 495 2087 et
518 2051 605 2089 κατά
636 2052 732 2100 apud
756 2052 966 2088 Homerum.
1028 2052 1398 2101 Vitebergae51831.
1448 2054 1482 2088 4.
1534 2051 1590 2087 Cf.
1617 2065 1760 2100 quoque

365 2124 410 2158 de
434 2123 756 2170 praepositionibus
782 2123 922 2159 Lassen
944 2143 993 2151 —-
1017 2123 1100 2160 Ind.
1127 2124 1224 2166 Bibl.
1251 2123 1328 2166 III,
1354 2136 1389 2170 p.
1414 2122 1462 2157 63
1484 2142 1498 2148 -
1522 2121 1580 2156 76.

1411 2195 1436 2229 5
