1949 2366
861 96 1134 134 -37-

227 196 416 251 obliquis
454 205 634 247 quoque
666 192 823 248 Boppii
865 185 1118 236 sententiam
1148 207 1247 233 cum
1273 191 1505 241 lectoribus
1532 192 1635 232 meis
1655 205 1766 232 com-

225 273 509 313 municavero.
567 269 629 310 Ac
657 269 855 322 primum·
874 269 1052 326 quidem
1080 270 1313 311 tenendum
1332 274 1409 316 est,
1440 268 1659 309 nonnullis
1685 275 1766 309 ter-
1819 326 1821 328 Ι

226 348 311 389 tiae
339 359 542 399 personae
575 346 900 399 pronominibus
934 347 979 386 in
1015 338 1242 400 singularis
1290 349 1462 387 tantum
1504 345 1765 385 nominativo

227 425 405 477 stirpem
431 438 453 464 e
482 414 689 465 nobiliore
716 424 893 465 materia
920 437 1006 465 esse
1036 437 1191 471 cusam,
1221 424 1265 464 in
1295 424 1509 478 pluralem
1541 437 1766 463 numerum

226 499 526 552 ignobiliorem
554 500 714 548 eadere,
742 500 897 540 deinde
927 501 1001 540 ubi
1030 516 1049 540 s
1077 500 1123 539 in
1158 500 1444 541 declinatione
1480 500 1667 557 aliorum
1697 512 1768 539 no-

227 575 391 628 minum
419 578 601 630 pluralis
629 577 794 619 numeri
825 577 1089 620 nominativo
1113 576 1354 630 contigerit,
1385 577 1501 617 idern
1531 577 1576 617 in
1606 591 1768 617 accusa-

228 655 310 693 tivo
339 644 520 707 pluralis
549 655 760 709 usurpari.
818 654 965 708 Atque
992 654 1100 693 hanc
1120 652 1296 707 quidem
1325 653 1464 707 legem
1493 654 1647 707 lingua
1676 667 1767 692 san-

227 731 354 771 scrita
378 722 723 784 >constantissime
762 722 932 786 servats
958 735 961 736 ⁷
988 729 1097 770 Nam
1145 730 1400 783 pronomina
1446 731 1683 770 masculina
1720 731 1767 769 in

226 808 387 861 plurali
422 823 453 853 s,
493 802 745 849 nominativi
784 801 968 859 signum,
1004 819 1102 854 nond
1139 812 1375 845 assumunt.
1450 806 1768 860 Habet‘i’gitur

227 898 470 937 pronomen
497 899 589 939 HQ
622 899 701 930 sas,
740 899 794 933 εΠ
830 883 887 929 sd,
915 897 997 937 m
1034 889 1097 922 tat
1132 881 1184 920 in
1214 880 1374 932 plurali
1409 880 1445 932 ᾗ
1482 890 1532 928 te,
1561 898 1661 938 atq
1691 883 1766 929 teis,

226 960 329 1011 ῖῃγῒῑῑ
358 960 467 1009 ἰάηἱ,·
494 958 537 1011 ᾗ
559 966 597 1000 te
625 944 981 999 autenisconferri
1024 964 1167 1012 potest
1204 970 1303 996 cum
1341 957 1487 997 dorico
1526 963 1583 997 τοί
1619 966 1661 997 et
1697 974 1769 1012 go-

228 1037 344 1077 thico
374 1037 476 1078 thai.
536 1037 739 1095 Eamdem
768 1030 1009 1090 analogiam
1039 1035 1084 1075 in
1120 1034 1271 1088 lingua
1300 1049 1449 1089 graeca
1478 1044 1520 1077 et
1550 1037 1685 1078 latina
1713 1052 1771 1077 se-

228 1099 426 1167 quuntur
461 1128 606 1154 omnes
642 1113 907 1160 nominativi,
946 1113 1022 1166 qui
1064 1112 1109 1151 in
1145 1114 1171 1166 i*
1197 1098 1368 1159 exeunt,
1409 1119 1458 1151 ut
1506 1116 1618 1163 λόγοι,
1656 1118 1766 1162 δίκαι,

229 1191 411 1231 Romani
443 1205 524 1243 pro
562 1191 785 1236 Romami,
822 1190 1039 1230 Romanae
1074 1186 1154 1242 pro
1192 1188 1418 1229 Romanai.
1478 1189 1603 1229 Hanc
1632 1192 1765 1231 nomi-

228 1266 363 1306 nativi
392 1266 437 1306 in
466 1265 626 1319 plurali
657 1278 754 1304 cum
784 1264 950 1304 casibus
979 1264 1171 1318 obliquis
1193 1264 1522 1323 similitudinem
1551 1267 1652 1307 inde
1679 1282 1764 1307 esse
1823 1271 1825 1273 ’

227 1341 539 1397 explicandam,
578 1342 696 1394 quod
735 1355 798 1382 res
833 1341 1025 1394 singulae
1061 1355 1190 1382 unam
1227 1337 1445 1402 notionem
1482 1343 1761 1390 constituent,

166 1453 168 1455 .
227 1434 356 1472 supra
382 1419 466 1458 iam
496 1418 790 1474 indicavimus.

338 1492 342 1495 ’
390 1494 760 1549 praepositionum
790 1510 900 1550 quae
929 1492 983 1536 sit
1013 1494 1076 1536 vis
1111 1502 1154 1535 et
1190 1500 1392 1550 potestas,
1429 1511 1516 1537 non
1553 1498 1689 1540 solum
1718 1497 1762 1536 in
1819 1529 1822 1533 ,

229 1573 452 1611 verborum
481 1559 788 1627 compositione
817 1572 1024 1619 cernitur,
1059 1573 1132 1612 sed
1166 1574 1297 1613 etiam
1325 1573 1371 1613 in
1405 1573 1688 1614 declinatione
1717 1574 1764 1612 in

179 1638 183 1640 i
230 1648 397 1688 casibus
426 1647 671 1695 formandis,
701 1647 764 1690 ita
792 1656 948 1695 tamen,
979 1655 1028 1688 ut
1048 1649 1326 1689 substantivis
1355 1663 1440 1690 non
1457 1651 1762 1703 praefigantur,

229 1725 304 1766 sed
330 1725 676 1782 annectantur*).
1024 1720 1025 1723 ’

394 1814 737 1861 Ιηείναφηεηιαῑίε,
767 1813 845 1868 qui
874 1813 1046 1867 linguae
1074 1827 1246 1867 graecae
1274 1815 1522 1872 latinaeque
1557 1795 1683 1862 deest,
1712 1831 1765 1866 331

228 1889 252 1928 ά
281 1889 550 1935 terminatur,
581 1889 699 1942 quod
733 1890 928 1943 Boppius
957 1889 1317 1944 praepositionem
1335 1907 1388 1942 ξπ
1408 1894 1446 1938 ά,
1476 1907 1583 1946 quae
1611 1892 1656 1930 in
1673 1892 1765 1933 hac

229 1963 536 2019 compositione
546 1979 629 2028 per-¹
644 1965 869 2019 significet,
897 1980 983 2007 esse
1000 1958 1142 2021 putat.
1201 1969 1347 2013 Quum
1366 1969 1551 2011 eiusdem
1581 1968 1636 2008 sit
1665 1983 1765 2010 cum

311 2115 348 2156 ἡκ)
373 2114 429 2148 ef.
456 2094 564 2149 etian}
590 2114 727 2158 Lassen
754 2135 800 2142 -
825 2115 907 2151 Ind.
935 2089 1031 2152 Bin.
1058 2116 1136 2159 111,
1163 2129 1199 2163 p.
1224 2118 1273 2153 66
1296 2139 1309 2144 -
1334 2118 1392 2152 70.
