1949 2366
824 99 1099 137 ...49—

192 202 383 258 spiritus,
412 197 478 238 his
516 195 570 235 de
598 196 723 236 rebus
759 196 821 237 nil
860 196 965 236 certi
993 196 1212 236 definitur.
1277 195 1428 236 Nonne
1465 198 1731 250 probabilius

192 285 268 326 est,
298 275 476 316 verbum
500 262 820 315 substantivum
850 261 1040 314 eiusdem
1069 287 1166 313 cum
1196 271 1338 313 radice
1365 287 1453 329 aq
1481 287 1528 313 as
1554 274 1730 328 originis

190 352 304 393 esse?
360 349 479 397 Quis,
509 362 680 403 quaeso,
708 349 960 402 persuaderi,
983 348 1064 389 sibi
1087 349 1289 403 patietur,
1319 351 1448 390 verba
1476 350 1732 391 attributiva

190 428 311 482 prius
348 425 495 475 fuisse,
536 440 669 481 quam
704 427 882 467 verbum
917 426 1274 475 substanstivum,
1316 433 1486 481 partem
1527 425 1732 467 orationis

189 504 375 545 maxime
402 502 704 544 necessariam?
732 527 787 534 -
816 503 1003 543 Literam
1031 502 1259 544 radicalem
1277 518 1298 545 e
1328 504 1508 558 proprie
1536 503 1667 549 etiam
1687 503 1732 544 in

192 582 333 637 prima
360 580 584 622 indicativi
613 580 846 635 praesentis
881 594 1062 634 persona
1096 579 1236 628 fuisse,
1273 581 1558 632 confirmatur
1593 579 1733 621 forma

192 664 358 700 etrusca
385 671 526 700 esame.

355 758 496 800 Pauca
530 762 702 797 tantum
738 757 960 811 tetigimus
995 758 1213 811 exempla,
1249 757 1410 811 quibus
1446 757 1730 798 demonstrari

192 841 347 895 potest,
380 848 490 888 quae
526 840 569 873 et
604 838 770 886 quanta
802 832 1080 886 explicandae
1115 846 1287 886 graecae
1320 833 1567 887 latinaeque
1596 848 1733 887 gram-

173 902 371 951 ‘maticae
398 909 661 949 adminicula
687 907 862 960 linguae
890 908 1117 947 sanseritae
1154 910 1419 963 comparatio
1445 910 1612 950 offerat.
1668 909 1734 948 Li-

195 992 287 1028 ceat
323 999 439 1027 nunc
476 984 637 1041 radices
666 982 873 1038 quasdam
913 990 957 1035 et
994 983 1170 1024 nomina
1207 984 1375 1034 addere,
1413 986 1574 1041 quibus
1602 986 1733 1027 mani-

193 1063 350 1103 festum
380 1062 470 1109 fiat,
499 1061 637 1102 multa
665 1060 892 1115 utriusque
926 1060 1101 1114 linguae
1135 1063 1346 1104 vocabula
1373 1064 1565 1105 breviore
1592 1064 1662 1104 via
1689 1071 1733 1104 et

195 1138 481 1179 commodiore
532 1152 585 1179 ex
638 1137 855 1178 communi
901 1137 1089 1190 quodam
1140 1152 1239 1178 cum
1278 1140 1452 1194 linguae
1502 1140 1731 1181 sanseritae

193 1214 323 1261 fonte,
353 1228 485 1268 quam
512 1228 565 1254 ex
593 1212 691 1253 solis
720 1213 909 1266 ipsarum
940 1214 1097 1267 opibus
1124 1215 1321 1256 derivari.

354 1317 402 1352 Πῐ
425 1302 499 1357 gd,
526 1303 618 1352 βάω,
646 1304 775 1352 βαίνω,
793 1305 937 1352 βίβημι,
958 1303 1202 1358 navi-gnere,
1231 1302 1314 1344 nisi
1341 1308 1405 1344 est
1430 1317 1570 1345 navem
1597 1318 1729 1358 agere,

195 1387 235 1419 to
259 1393 319 1433 go
327 1378 383 1432 *).

356 1480 405 1518 {ss
442 1465 634 1519 ἀεοήηῃά,
671 1470 798 1518 γνῶμί,
835 1470 1034 1519 γιγνώσκω,
1067 1483 1244 1523 gnarus,
1281 1476 1322 1510 to
1360 1469 1569 1523 know**)‚
1605 1471 1727 1518 δάημι,

194 1547 365 1593 διδάσκω,
380 1559 489 1599 pers.
520 1542 597 1619 5035>
625 1546 780 1605 glanem,
808 1547 905 1593 scio,
934 1561 960 1587 a
988 1546 1128 1588 radice
1157 1547 1300 1612 cjx-...sb
1337 1548 1535 1590 danisten.

355 1636 405 1680 εζῐ
431 1622 496 1669 dd,
526 1626 672 1673 δίδωμι,
700 1625 827 1669 da-re,
856 1627 953 1682 ³0²5>
981 1625 1120 1668 daden.
1195 1641 1291 1685 m
1318 1624 1444 1671 ddtri,
1483 1627 1614 1666 dator.
1642 1637 1730 1681 εζιῖῐ

519 1700 638 1749 άάηα,
668 1699 725 1743 >ῐ>
754 1699 855 1749 ὀὲᾶ,
883 1703 1043 1745 donum.

261 1890 299 1930 ²³³)
332 1888 390 1924 Cf.
428 1891 473 1925 de
507 1892 573 1925 hac
613 1896 651 1926 et
690 1893 818 1926 ceteris
862 1893 1041 1928 radicibus
1088 1894 1223 1941 Boppii
1264 1894 1487 1930 Glossarium
1519 1894 1728 1930 sanseritum

332 1969 369 2003 p.
394 1957 466 1993 204
489 1976 536 1986 —
559 1959 642 1995 213.

235 2037 295 2081 **)
326 2036 384 2073 cf.
410 2038 619 2075 Buttmanni
644 2040 842 2089 Lexilogus
869 2042 924 2079 II.
948 2055 990 2091 p.
1010 2043 1094 2080 265.
1160 2044 1306 2080 Summo
1338 2044 1416 2079 iure
1439 2046 1571 2084 censet,
1598 2042 1635 2077 in
1660 2042 1727 2078 hac
1785 2070 1788 2072 v

328 2110 448 2146 radice
472 2111 673 2160 linguarum
698 2108 953 2162 europaearum
976 2115 1184 2153 affinitatem
1208 2114 1379 2163 conspici.

1377 2187 1403 2224 7

907 2285 931 2296 x
