1949 2366
850 171 1124 212 τ-θθ-

204 269 321 310 Deus
349 281 386 308 e.
417 282 456 310 c.
489 268 536 310 in
566 268 718 322 lingua
746 265 922 307 zendica
958 267 1136 309 effertur
1174 265 1359 321 dabvffl).
1418 268 1506 310 Alii
1534 269 1651 310 homo
1684 266 1761 308 du-

209 353 316 386 cunt
346 346 403 386 ab
434 346 567 393 humo,
600 349 649 384 ut
678 351 864 399 cognata
883 339 984 386 simt
1013 364 1092 403 0³¹3
1121 328 1256 394 adam,
1287 345 1428 395 homo,
1457 353 1500 388 et
1527 365 1636 405 may-323
1665 347 1761 387 ada-

208 423 321 470 mah,
349 424 519 470 humus,
562 427 688 462 terra.
748 422 831 462 Sed
865 422 953 464 iam
981 422 1297 468 Quintilianus:
1344 422 1415 463 Sit
1452 431 1491 464 et
1520 426 1707 487 elassis
1734 437 1760 463 a

210 501 398 546 calando,
428 505 470 538 et
499 500 645 553 lepus
674 499 883 552 levipes,
911 505 955 539 et
983 501 1159 553 vulpes
1186 500 1405 553 volipes:
1435 501 1607 542 etiamne
1627 514 1761 541 acone

213 579 358 619 trariis
392 577 533 630 aliqua
570 577 743 617 sinemus
783 576 924 616 trahi?
965 583 1014 617 ut
1054 576 1220 623 lucus,
1270 577 1369 630 quia
1421 576 1564 617 umbra
1600 591 1762 632 opacus,

204 668 357 709 parum
385 655 583 695 luceat?
611 661 651 694 et
680 655 851 699 ludus,
879 655 978 707 quia
1004 655 1060 694 sit
1089 654 1326 708 longissime
1352 654 1404 694 ab
1433 654 1575 693 lusu?
1603 660 1642 694 et
1670 656 1760 697 dis.

211 732 308 785 qaia
326 731 490 772 minime
517 730 693 772 dives?
721 730 895 771 etiamne
923 730 1058 771 homi
1066 744 1168 772 nem
1185 731 1401 785 appellari,
1429 722 1528 785 quia
1547 731 1601 772 sit
1621 726 1762 771 humo

214 811 367 848 natus?
398 809 533 861 (quasi
561 822 654 849 vero
681 799 766 847 novi
789 808 982 848 omnibus
1005 807 1253 847 animalibus
1279 809 1413 848 eadem
1432 809 1566 862 origo,
1597 814 1670 847 aut
1698 808 1764 847 illi

206 885 337 939 primi
364 884 556 925 mortales
577 889 672 924 ante
696 896 839 941 nomen
859 884 1126 937 imposuerint
1147 889 1290 932 terrae,
1306 897 1428 937 quam
1446 882 1540 937 sibi)
1556 889 1596 925 et
1612 883 1766 925 verba

213 962 266 1002 ab
292 965 386 1002 ae‘re
414 959 796 1010 verberato**)?
845 959 932 999 Alii
961 963 1106 999 ortum
1131 973 1217 998 esse
1246 965 1405 1013 putant
1426 974 1479 1000 ex
1498 961 1605 1010 ὁμοῦ,
1633 961 1766 1006 simul,

215 1035 336 1092 qnod
352 1035 409 1076 sit
430 1035 645 1076 societatis
667 1049 826 1077 amanS.
874 1034 1003 1080 Quod
1027 1025 1206 1091 qnidem
1230 1034 1543 1090 significatione
1562 1037 1688 1077 affine
1704 1044 1766 1078 est

214 1112 387 1155 arabico
415 1118 531 1172 vm!
569 1112 757 1161 insdnun,
787 1113 905 1166 quod
927 1112 1146 1153 descendit
1175 1126 1200 1153 a
1234 1111 1376 1152 radice
1402 1113 1485 1180 035
1513 1114 1644 1161 anisa,
1678 1127 1768 1155 eon-

216 1192 368 1238 suevit,
405 1191 605 1242 assuevit,
628 1190 866 1243 familiaris
902 1189 1145 1242 evasit***).
1202 1189 1334 1231 Haud
1366 1188 1452 1230 scio
1489 1203 1543 1230 an
1585 1189 1766 1230 latinum

220 1282 307 1308 mas
335 1267 389 1307 ad
420 1266 613 1307 eamdem
642 1266 827 1307 radicem
857 1250 1211 1319 pertineat****).

320 1434 356 1476 =¹¹²)
390 1433 448 1469 Cf.
477 1433 521 1469 F.
537 1432 586 1468 A.
605 1432 748 1473 Rauch,
774 1431 848 1466 Die
870 1430 1048 1466 Identitfit
1064 1430 1128 1466 der
1145 1429 1286 1473 Hindu,
1306 1429 1450 1473 Perser,
1470 1429 1657 1477 Pelasger,
1675 1429 1767 1466 Ger·

389 1513 516 1536 manen
548 1501 622 1536 und
648 1500 798 1544 Slaven,
832 1501 1030 1547 dargethan
1064 1507 1128 1535 aus
1157 1500 1330 1547 Sprache,
1365 1500 1537 1547 Religion
1560 1501 1635 1536 und
1660 1500 1767 1536 Sitte.

391 1570 425 1605 Ι.
460 1569 572 1606 Abth.
605 1569 794 1618 Marburg,
821 1571 931 1606 1829.
988 1570 1158 1605 Burnouf
1184 1570 1330 1605 Extrait
1359 1583 1396 1617 p.
1430 1571 1455 1606 9
1480 1575 1518 1605 et
1548 1571 1608 1606 25.
1668 1570 1715 1605 P.
1751 1582 1772 1605 a

392 1639 531 1675 Bohlen
566 1640 611 1675 de
646 1640 785 1687 origine
821 1640 967 1686 linguae
1001 1639 1105 1691 zend.
1139 1651 1160 1674 e
1185 1651 1319 1676 sanscr.
1343 1652 1440 1688 rep.‚
1466 1640 1612 1688 passim.
1663 1639 1769 1686 Bopp

390 1708 517 1744 Jahrb.
553 1710 610 1744 fiir
642 1710 737 1744 wiss.
770 1710 868 1745 Krit.
900 1711 924 1744 Ι.
959 1723 991 1745 c.
1019 1709 1134 1752 Nala,
1171 1711 1252 1745 eine
1285 1709 1447 1744 indische
1483 1710 1671 1756 Dichtung·
1701 1721 1769 1744 von

392 1777 520 1823 Vjasa.
570 1777 649 1814 Aus
675 1778 756 1814 dem
782 1778 950 1815 Sanskrit
974 1790 1043 1814 von
1067 1778 1106 1814 J.
1124 1778 1173 1815 G.
1193 1779 1237 1815 L.
1262 1777 1504 1825 Kosegarten.
1555 1777 1650 1814 Jena
1663 1777 1770 1820 1820,

391 1860 430 1895 p.
455 1848 540 1883 207.

300 1918 361 1960 *ἢ
395 1915 613 1959 Quintilian.
639 1917 736 1953 instt.
763 1920 892 1952 orator.
919 1916 954 1959 1,
980 1916 1005 1952 6
1028 1928 1065 1964 p.
1090 1916 1139 1952 53
1163 1917 1220 1952 ed.
1248 1916 1333 1963 Bip.
1375 1898 1378 1900 .

274 1987 357 2029 ***)
390 1985 463 2021 Ge.
496 1985 683 2021 Wilhelmi
723 1985 907 2032 Freytagii
948 1985 1112 2021 Lexicon
1149 1985 1308 2025 Arabico
1325 2006 1339 2013 -
1358 1985 1536 2023 Latinum.
1603 1986 1706 2022 Tom.
1739 1986 1770 2021 Ι.

398 2055 438 2097 5-
456 2070 488 2086 ν
516 2055 624 2090 Halis
649 2054 831 2091 Saxonum
854 2055 961 2092 1830.

254 2125 359 2171 ****)
391 2125 450 2162 Cf.
477 2124 526 2160 A.
554 2124 630 2160 Gu.
658 2136 680 2159 a
704 2124 872 2172 Schlegel
891 2126 936 2162 de
960 2126 1136 2162 rhocismo
1171 2126 1315 2174 linguae
1338 2101 1542 2162 latinae-—
1566 2124 1647 2161 Ind.
1675 2124 1771 2160 Bibl.

393 2195 448 2239 11,
472 2208 513 2243 Ρ.
537 2194 623 2231 325.
