1949 2366
808 109 883 123 >-
938 96 1010 150 15Ν
1045 114 1102 123 -

192 200 311 236 nant.
338 180 515 262 Quum
540 190 656 256 enim
683 203 849 232 eorum
858 187 1079 234 elementa
1094 191 1291 247 reliquis
1298 190 1518 231 vocabulis
1545 205 1629 232 sese
1655 193 1730 233 ad-

192 257 389 325 iungant,
397 261 599 328 sei-'moui
636 267 858 308 vinculum
895 267 1009 330 illud
1046 269 1203 309 subtile
1231 266 1478 327 conciliant,
1515 282 1603 321 quo
1641 283 1728 309 cor-

163 349 170 353 *
193 344 310 401 poris
336 343 516 391 animati
545 337 729 412 speciem
756 344 914 386 induit.
971 345 1069 400 Ipsa
1095 350 1237 385 autem
1265 323 1441 384 aliunde
1468 344 1514 385 in
1533 343 1729 399 linguam

145 420 159 433 ²
193 403 384 475 aliquam
413 419 557 461 invehi
586 419 818 475 nequeunt.
877 403 988 462 Sunt
1016 420 1229 461 radicibus
1256 421 1591 478 annumeranda,
1618 436 1730 477 quae

192 510 279 538 una
306 497 485 538 tantum
529 481 696 553 syllaba
740 503 964 545 constant,
994 496 1253 552 quibuscum
1295 497 1477 552 lingua
1490 497 1729 539 efflorescit.

191 573 463 629 Quamquam
492 574 612 616 nulla
637 580 700 615 est
721 570 891 630 lingua,
925 579 1057 630 quam
1094 575 1361 629 grammatici
1394 575 1459 615 ita
1487 580 1730 616 nascentem

191 640 348 691 intueri
371 651 630 706 potuissent,
668 657 718 691 ut
743 657 921 692 certam
946 651 1122 692 orientis
1152 652 1289 705 legem
1326 651 1728 693 animadverterent.

191 710 377 767 Videtur
395 726 523 774 enim,
564 732 639 767 ut
654 716 799 768 subito
835 741 889 768 ex
929 727 1120 767 obscuris
1153 727 1343 767 nubibus
1380 727 1530 783 fulgur
1557 727 1728 775 emicat,

192 800 365 843 eatenus
393 803 602 857 perfecta
610 809 653 843 et
680 800 880 862 absoluta
905 816 959 843 ex
987 801 1160 855 pectore
1187 789 1375 845 humano
1403 802 1589 855 prodire,
1614 817 1732 857 qua-

192 887 316 919 tenus
335 878 653 933 cuiuscumque
680 878 866 919 hominis
894 878 989 919 usui
1018 878 1244 932 sufficit*).
1308 877 1473 919 Contra
1499 892 1637 949 quum
1666 893 1731 920 ca-

192 955 258 997 dit
294 960 337 995 et
372 943 522 996 deficit
557 951 973 1009 linguaquaedam,
1012 954 1126 996 idem
1164 953 1256 996 fieri
1291 953 1498 1002 videmus,
1536 941 1656 1010 quod
1683 957 1729 998 in

189 1046 369 1087 ,corpore
390 1031 551 1073 sensim
588 1032 644 1073 ad
681 1037 862 1073 mortem
900 1039 1099 1087 vergente
1133 1030 1305 1073 accidit.
1365 1031 1523 1072 Anima
1550 1031 1594 1072 in
1623 1033 1730 1074 inte-

192 1093 322 1151 riores
348 1113 493 1162 partes
520 1108 726 1163 refugere,
755 1109 871 1153 calor
898 1109 1041 1149 vitalis
1077 1108 1290 1155 imminui,
1327 1109 1519 1149 membra
1546 1115 1726 1163 torpere,

191 1178 708 1244 corpusssnonssaequabili
737 1185 864 1225 modo
899 1184 1140 1245 sustentari.
1197 1184 1315 1225 Perit
1351 1185 1397 1225 in
1432 1185 1597 1239 lingua,
1626 1186 1750 1235 defi-A

191 1260 329 1300 ciente
356 1272 495 1307 succo,
523 1272 612 1313 quo
639 1259 784 1308 alitur,
814 1243 923 1300 mira
948 1261 1039 1308 illa,
1067 1275 1156 1314 qua
1188 1260 1521 1309 delectabamur,
1548 1263 1727 1303 varietas

190 1343 334 1390 atque·
350 1333 524 1389 negnare
551 1335 709 1389 incipit
745 1336 1014 1392 simplicitas,
1050 1333 1160 1392 quae
1197 1336 1392 1377 'notiones
1419 1342 1604 1385 tantum,
1641 1353 1727 1380 nou

190 1412 380 1466 ipsarum
409 1410 635 1452 notionum
662 1412 709 1452 in
738 1412 957 1470 vocabulis
984 1404 1277 1453 diversitatem
1309 1411 1555 1465 distinguit,
1584 1414 1725 1459 verbo,
1776 1405 1779 1407 “

191 1488 341 1549 abiicit
366 1487 523 1542 lingua.
553 1485 875 1532 in'nominibus
909 1490 1107 1545 syllaba&
1136 1489 1297 1544 quibus
1331 1488 1510 1542 generis,
1548 1490 1727 1538 numeri,

191 1579 322 1622 casus
341 1564 525 1620 rationes
560 1564 873 1620 significantur,
907 1566 955 1608 iu
990 1566 1130 1607 verbis
1162 1565 1367 1620 exiguum
1403 1564 1544 1606 modo-
1567 1571 1727 1620 tempo-

190 1657 287 1684 rum
307 1649 534 1685 numerum
552 1657 606 1684 ex
635 1645 728 1699 ipsa
749 1645 889 1686 radice
917 1644 1065 1696 cudit„
1080 1657 1213 1703 quam
1233 1642 1418 1683 maxime
1445 1644 1586 1691 verba,
1616 1657 1727 1696 quae

193 1719 400 1773 dicuntur
427 1720 667 1771 auxiliaria,
697 1706 744 1762 in
772 1720 1010 1763 subsidium
1047 1726 1182 1760 vocat.
1248 1720 1314 1759 Ex
1350 1719 1417 1759 his
1451 1719 1647 1767 efficitur,
1676 1726 1728 1760 ut

181 1780 534 1849 ‘particularums
558 1799 718 1852 quibus
753 1798 908 1839 intima
942 1811 1041 1838 eum
1068 1787 1397 1851 pronominibus
1423 1801 1488 1836 est
1516 1794 1728 1849 cognatio,

274 1902 313 1946 ¹¹³)
338 1899 603 1938 cf.-W'11he1m
631 1912 700 1935 von
733 1886 951 1953 Humboldt:
991 1897 1115 1934 Ueber
1156 1898 1219 1934 das
1258 1881 1533 1946 vergleichende
1571 1895 1726 1944 Sprach-

332 1971 486 2006 studium
511 1972 548 2006 in
574 1969 785 2014 Beziehung
816 1968 880 2003 auf
901 1968 959 2003 die
983 1968 1264 2004 verschiedenen
1288 1968 1462 2016 Epochen
1486 1968 1548 2002 der
1572 1965 1726 2013 Sprach-

334 2033 599 2087 entwickelung
615 2032 684 2066 ·³--'
710 2038 1001 2085 Abhandlungen
1025 2038 1095 2094 >der-
1126 2038 1209 2075 k'on.
1227 2039 1443 2098 *Akade‘mie
1471 2038 1534 2072 der
1563 2035 1728 2072 Wissen·

334 2109 496 2146 sebasten
514 2121 560 2149 zu
578 2109 703 2145 Berlin
718 2120 781 2144 aus
799 2109 869 2144 den
883 2108 910 2144 J
912 2109 1020 2144 ahten
1036 2102 1286 2145 1820-1821.
1313 2107 1436 2143 Berlin
1452 2105 1558 2147 1822,
1574 2106 1609 2151 ἐς
1621 2106 1728 2141 3-8.
