1949 2366
802 196 1079 233 ...56-

171 308 265 353 3312}-
293 305 438 333 amara
468 290 590 332 Nom.
620 303 796 339 amarem,
825 292 1076 346 ἄμβροτος*),
1104 294 1360 337 immortalis.
1418 296 1466 336 ln
1493 296 1572 336 hoc
1601 309 1720 337 voca-

172 371 280 413 bulo
308 376 336 421 β
362 367 653 423 euphonicum
680 372 745 407 est
774 373 825 409 ut
852 369 899 409 in
926 372 1143 425 μεσημβρία
1172 385 1195 410 e
1223 375 1335 420 μέσος
1362 378 1406 412 et
1433 374 1560 427 ἡμέρα.
1621 373 1720 413 Cel·-

171 450 295 491 nitur
321 447 435 489 enim
462 445 509 486 in
536 443 739 485 omnibus
767 443 929 503 linguis
957 444 1153 487 studium
1181 446 1402 501 quoddam
1430 449 1575 491 literas
1601 449 1718 490 haud

171 527 236 567 ita
263 522 488 566 dissimiles
515 520 629 561 inter
656 534 699 561 se
727 521 1032 576 coniungendi.
1097 522 1332 578 Praecipue
1362 530 1507 566 autem
1535 542 1555 567 s
1577 542 1604 568 a
1622 527 1718 567 sub-

171 606 374 658 sequente
413 606 444 647 t,
477 599 519 646 k,
555 597 676 652 quod
714 598 762 638 in
800 598 949 653 lingua
982 599 1119 640 latina
1153 606 1217 640 est
1251 601 1316 641 vel
1354 616 1377 642 c
1413 603 1480 643 vel
1514 618 1583 657 qn,
1619 611 1662 644 et
1683 619 1717 659 p

170 678 402 733 expetitur,
438 681 482 716 et
519 675 566 716 in
602 675 798 717 abstraho
834 692 854 716 s
889 690 976 719 non
1015 684 1105 718 tam
1134 678 1444 732 praepositioni
1480 680 1545 728 ab,
1583 695 1716 735 quam

168 756 315 797 literae
346 761 363 794 t
391 754 537 794 locum
574 766 702 792 suum
738 745 955 807 debet**).
1013 755 1179 808 Operae
1206 755 1396 809 pretium
1426 762 1502 803 est,
1530 757 1577 797 in
1605 758 1715 798 hanc

170 833 418 886 linguarum
465 830 607 883 legem
642 830 793 884 paullo
829 831 1070 872 accuratius
1105 831 1343 887 inquirere,
1381 833 1446 874 uti
1483 833 1530 874 in
1567 834 1718 888 lingua

166 909 339 961 arabica
380 922 406 947 a
449 906 688 961 Sacyo***)
728 914 771 947 et
815 907 1119 961 Ewaldo****)
1169 909 1333 949 factum
1377 924 1463 951 esse
1508 911 1713 951 videmus.

166 986 344 1026 Utinam
375 982 645 1038 grammatici
683 995 862 1035 quoque
898 984 1129 1035 germanici
1165 991 1364 1027 naturam
1402 1002 1614 1042 usumque
1642 1002 1716 1042 po-

167 1064 268 1108 tius,
302 1073 433 1115 quam
466 1058 630 1112 ingenii
659 1064 901 1102 commenta
929 1063 1186 1113 sequantur!

335 1152 407 1190 ζῆ,
435 1137 528 1183 stri,
559 1140 708 1190 στορὲω,
740 1137 932 1190 στόρνυμιᾼ
963 1142 1189 1188 στορέννυμι,
1218 1145 1368 1179 sterno.
1419 1145 1423 1146 ⁷

335 1230 408 1268 HL
436 1216 549 1260 smrz}
578 1226 766 1257 memoro,
796 1212 915 1264 goth.
946 1214 1116 1266 merjan.
1179 1214 1322 1256 Litera
1348 1231 1368 1258 s
1395 1231 1519 1271 saepe
1547 1231 1644 1258 cum
1674 1232 1713 1257 m

166 1291 457 1346 coniungitur.

330 1384 371 1423 ἵ
399 1369 480 1416 hri,
509 1373 630 1420 αἱρέω,
660 1366 774 1406 unde
803 1367 988 1408 latinum
1017 1368 1159 1408 haereo
1186 1366 1397 1409 derivant.

331 1461 369 1503 ff
400 1446 469 1492 tri,
499 1446 654 1493 in-tro,
684 1449 784 1491 tero,
814 1459 946 1499 germ.
980 1452 1126 1487 tre-te.

334 1538 372 1581 ζ
400 1524 478 1569 dri,
508 1527 610 1574 δέρω.
667 1537 713 1572 311
741 1522 956 1574 31·Ξ,,’κει’ρω.

331 1595 369 1656 ’ἐξ
397 1602 503 1648 drai,
532 1576 722 1649 dormirg,
754 1601 949 1653 δαρθοὲνω,
978 1613 1110 1654 germ.
1141 1601 1307 1640 trimme.

335 1676 434 1731 ἐξιῇ
464 1678 543 1724 mc,
572 1679 660 1724 λάω,
692 1685 733 1718 to
762 1679 869 1718 look.

330 1769 407 1813 fi
434 1753 588 1800 rum-Ic,
616 1754 740 1802 luceo,
779 1755 916 1801 λευκός,
955 1754 1101 1800 lumen,
1132 1754 1250 1806 goth.
1279 1752 1451 1803 luhatle,
1481 1751 1637 1793 Matth.
1666 1758 1707 1799 6,

165 1840 234 1881 23,
273 1833 439 1878 lukarn,
475 1832 663 1876 lucermu
700 1830 860 1871 Matth.
891 1835 932 1878 6,
971 1836 1040 1870 22.
1107 1830 1210 1870 Inde
1245 1828 1464 1869 descendit
1498 1829 1711 1882 persicum
1782 1852 1788 1855 ·

237 1950 276 1990 ²¹³)
309 1946 368 1982 Cf.
395 1945 603 1980 Buttmanni
626 1946 805 1991 lexilogus
831 1946 853 1979 1
879 1958 915 1991 p.
943 1945 1135 1980 131-139.

215 2018 276 2061 **)
312 2015 372 2051 cf.
399 2014 518 2060 Bopp,
546 2013 837 2060 Vergleichende
863 2013 1046 2060 Zerglied.
1073 2014 1136 2048 des
1162 2013 1310 2049 Sanskr.
1336 2013 1372 2050 3.
1388 2013 1499 2050 Abth.
1525 2013 1621 2048 Abh.
1648 2014 1711 2048 der

309 2072 395 2108 kb'n.
421 2071 543 2106 Akad.
569 2072 604 2105 d.
629 2072 693 2106 W.
719 2084 763 2108 zu
791 2072 834 2107 Β.
861 2084 941 2106 vom
966 2072 1077 2106 Jahre
1102 2072 1209 2108 1826.

190 2145 274 2187 fl...)
306 2142 482 2195 silvestre
507 2140 553 2174 de
578 2140 671 2186 Sacy
697 2140 918 2176 Grammaire
942 2142 1050 2176 arabe
1074 2141 1096 2176 1
1122 2154 1158 2188 p.
1183 2141 1242 2177 30.

166 2214 274 2256 ****)
307 2211 433 2246 Ewald
459 2209 526 2245 Gr.
554 2210 633 2244 crit.
660 2210 802 2255 linguae
828 2222 877 2245 ar.
903 2223 939 2256 p.
965 2211 1102 2246 81-90.
