1949 2366
350 600 362 620 Ι

118 645 124 652 ‘
158 644 240 690 De
285 645 505 691 utilitate
520 679 532 698 ,
603 660 728 706 quae
766 661 833 708 ea·
879 652 1117 691 accurata
1171 644 1375 705 linguae
1406 629 1698 689 'sanseritae

156 729 435 788 cognitione
466 729 521 774 in
553 727 772 796 linguae·
793 742 1008 789 graecae
1040 727 1317 788 latinaeque
1348 726 1697 789 etymologiam

532 806 803 862 redundet‚s
829 810 985 855 brevis
1016 809 1313 855 dissertatio.

315 940 517 1003 Excelsa
554 968 617 1002 est
652 968 695 1002 et
733 961 929 1003 sublimis
964 974 1110 1002 eorum
1138 960 1347 1008 doctrina,
1376 961 1454 1016 qui
1490 962 1535 1003 in
1564 964 1699 1017 expli-

158 1042 292 1083 canda
330 1055 558 1095 corporum
605 1040 853 1080 coelestium
905 1039 1059 1080 natura
1098 1053 1270 1093 operam
1311 1054 1430 1088 suam
1471 1041 1696 1088 collocant,

157 1107 304 1159 lucida
338 1105 476 1159 sidera
512 1131 589 1171 per
625 1115 844 1157 silentium
887 1101 1024 1157 noctis
1062 1117 1301 1165 observant,
1349 1116 1450 1157 solis
1485 1117 1697 1172 lunaeque

157 1195 415 1236 defectiones
441 1194 486 1234 in
514 1194 674 1233 multos
701 1206 834 1234 annos
853 1193 1122 1246 praedicunt,
1152 1194 1438 1246 planetarum,
1471 1208 1560 1246 qua
1587 1195 1698 1234 circa

158 1270 288 1310 solem
332 1269 552 1315 feruntur,
603 1268 860 1322 celeritatem
906 1268 1125 1321 definiunt⁸
1170 1268 1526 1323 immensumque,
1569 1284 1697 1324 quem

159 1352 345 1385 cometae
373 1345 609 1385 conficiunt
630 1359 815 1393 cursum,
846 1344 1002 1386 mentis
1029 1345 1119 1384 acie
1137 1350 1447 1398 assequuntur3
1477 1345 1604 1385 laude
1623 1361 1698 1386 sua

146 1433 245 1462 ‘non
274 1419 557 1461 defraudandi
587 1426 701 1469 sunt,
743 1420 819 1475 qui
849 1420 896 1461 in
932 1425 1068 1461 terrae
1096 1434 1294 1461 cavernas
1321 1434 1363 1460 se
1391 1420 1626 1461 demittunt
1653 1428 1698 1461 et

158 1499 203 1538 in
241 1488 406 1538 sumnia
441 1497 917 1538 montiumcacumina
952 1497 1209 1546 ascendunt,
1248 1503 1299 1537 ut
1341 1513 1429 1552 qua
1465 1504 1572 1546 arte,
1609 1513 1699 1552 qua

160 1574 350 1627 partium
380 1573 676 1614 convenientia
704 1575 784 1614 hoc
813 1578 986 1614 tantum
1013 1572 1271 1622 aedificium,
1300 1574 1418 1628 quod
1440 1575 1694 1623 habitamus,

150 1656 428 1708 ,exstructum
465 1649 534 1696 sit,
578 1652 827 1703 explorent;
872 1650 1034 1705 optime
1074 1650 1128 1690 de
1163 1650 1350 1707 humana
1386 1657 1512 1705 gente
1548 1652 1697 1691 mereri

158 1727 342 1780 putandi
371 1733 485 1773 sunt,
516 1726 594 1779 qui
621 1726 667 1766 in
696 1726 819 1773 aeris,
848 1739 997 1779 aquae,
1026 1725 1150 1778 igniS‚
1180 1726 1370 1773 luminis,
1398 1727 1548 1767 caloris
1565 1733 1699 1766 ‘natu-

158 1788 249 1843 ram
277 1803 340 1843 ita
367 1802 690 1856 inquirunt‚.ut
719 1801 1026 1856 quodcumque
1059 1800 1104 1841 in
1134 1801 1246 1841 vitae
1275 1816 1401 1843 usum
1437 1808 1480 1842 et
1516 1802 1698 1842 amoeni-

159 1884 291 1917 tatem
321 1878 511 1924 converti
539 1878 687 1930 possit,
715 1891 768 1917 ex
797 1877 997 1934 interiore
1032 1891 1173 1917 rerum
1202 1883 1380 1918 naturae
1400 1877 1575 1925 *officina
1603 1891 1700 1930 pro-

125 1966 135 2014 ζ
159 1954 351 2001 trahant;
383 1955 645 2008 ‘celebramus
673 1968 821 1996 eorum
850 1952 1084 2002 scientiam,
1122 1955 1200 2009 qui
1238 1953 1452 2010 quicquid
1485 1960 1604 1994 terra*
1631 1954 1697 1993 vel

160 2031 256 2071 sinu
285 2044 362 2071 suo
391 2031 519 2078 fovet,
549 2030 615 2070 vel
645 2030 810 2071 divitiis
837 2030 925 2070 suis
954 2030 1107 2077 nutrit,
1143 2030 1314 2084 singula
1340 2030 1549 2084 lapidum,
1578 2031 1699 2083 plan-

161 2115 316 2155 tarum,
345 2102 598 2156 animalium
639 2122 793 2162 genera
828 2107 972 2149 animo
1000 2109 1360 2163 complectuntur.
1424 2107 1560 2149 Decet
1587 2105 1700 2148 enim

1353 2189 1374 2223 1
