1949 2366
820 127 1097 163 -40-

191 224 485 277 senvtentiadfi.
572 223 687 264 Haec
728 222 858 263 etiam
904 224 1057 279 lingua
1105 224 1279 267 zendica
1316 220 1645 274 confirmantur,
1682 207 1737 267 *in

192 315 282 355 qua
310 316 336 341 a
364 302 510 342 vocab.
540 315 593 353 ap
621 300 782 353 (aqua),
812 300 935 341 cuius
963 301 1087 342 Nom.
1118 307 1182 341 est
1210 303 1287 356 cffs,
1316 304 1417 345 Acc.
1446 305 1580 359 άΡεπι,
1618 317 1733 344 nom.

181 366 256 432 xpl.
288 379 376 433 (1126,
405 377 536 418 ablat.
566 375 729 430 legitur
755 385 866 433 apat,
895 393 921 418 a
949 391 1039 418 voc.
1069 377 1165 419 dtar
1192 360 1354 433 (ignis),
1383 381 1616 434 Athy-atu).

360 456 406 494 In
443 452 645 493 Genitivo
682 453 914 507 singularis
957 455 1087 508 stirps
1112 455 1211 495 —illa
1248 436 1583 498 demonstrativa
1617 474 1658 509 εγ
1690 473 1735 498 sa

191 533 338 574 eodem
372 531 499 572 modo
539 535 588 570 ut
624 530 671 570 in
709 530 985 573 Nominativo
1020 531 1275 586 adiungitur
1310 534 1531 577 vocabulo.
1596 534 1736 576 Huius

192 612 250 652 rei
270 609 385 651 ,ratio
423 607 524 648 inde
558 607 818 661 explicanda
854 608 1045 656 videtur,
1083 609 1204 664 quod
1238 609 1466 649 Genitivus
1500 612 1612 658 tanti
1651 626 1736 651 mo-

190 687 322 728 menti
358 692 433 733 est,
471 691 522 725 ut
560 684 888 725 Nominativum
925 687 981 727 ab
1016 701 1065 727 eo
1105 686 1297 740 superari
1334 684 1604 727 Godofredus
1632 688 1736 737 Her·

134 752 137 754 Α
187 744 371 804 ηηῑηῐιυὲ
395 762 690 802 declaraverit.
756 761 812 801 Et
841 763 942 814 plus
969 776 1093 816 saepe
1120 763 1165 804 in
1194 775 1244 802 eo
1271 762 1382 802 inest
1409 763 1585 816 vigoris,
1612 759 1735 819 saepe

186 840 229 878 in
262 854 323 885 eo,
353 846 402 878 ut
430 839 569 885 aiunt,
598 838 726 878 cardo
755 838 815 877 rei
843 839 1041 880 vertitur.
1154 837 1157 841 ⁴

354 916 401 955 ln
431 914 594 969 plurali
624 928 803 954 numero
832 916 1062 955 sanscritae
1090 915 1263 968 linguae
1291 915 1515 956 Genitivus
1543 922 1605 956 est
1630 931 1733 972 m

187 992 285 1038 εάιη,
324 990 443 1045 quod
480 990 594 1031 idem
633 990 769 1043 repeti
809 997 951 1044 potest
988 1007 1013 1032 a
1051 991 1190 1032 radice
1224 1007 1265 1042 H
1291 1007 1358 1040 sa,
1403 993 1524 1033 cuius
1560 1008 1578 1032 s
1614 994 1733 1047 apud

188 1071 405 1109 Romanos
435 1068 481 1108 in
510 1083 533 1108 r
552 1066 829 1119 'transit***).

352 1145 580 1185 Locativus
595 1157 715 1184 casus
735 1144 909 1197 linguae
928 1145 1158 1186 sanseritae
1185 1145 1230 1184 in
1249 1144 1369 1184 duali
1389 1159 1566 1186 numero
1584 1136 1731 1185 ecdem

183 1221 311 1262 modo
341 1234 430 1274 quo
460 1220 687 1260 Genitivus
715 1219 844 1267 cadit,
882 1220 1036 1268 sedin
1064 1220 1271 1274 singulari
1290 1220 1394 1261 etin
1424 1221 1584 1273 plurali
1612 1234 1731 1261 suam

184 1299 312 1339 habet
342 1297 677 1351 formaquuae
706 1296 752 1335 in
782 1296 945 1350 plurali
966 1297 1143 1351 quidem
1171 1312 1219 1337 su
1247 1299 1323 1336 est.
1381 1298 1655 1350 Quamquam
1684 1297 1731 1337 id

182 1356 413 1428 explicatu'
431 1380 494 1414 est
515 1373 748 1419 difficilius,
768 1373 1088 1427 quodammodo
1110 1380 1252 1414 tamen
1273 1388 1372 1413 cum
1393 1373 1593 1415 Genitivo
1614 1375 1727 1428 plur.

153 1434 155 1437 Ι
184 1465 419 1504 congruere
448 1450 763 1503 videtur****).
993 1448 996 1454 ’
1556 1435 1560 1439 “

262 1545 299 1585 *)
325 1544 382 1579 Cf.
408 1544 455 1578 A.
483 1544 696 1579 Grotefendi
721 1542 769 1578 A.
795 1542 862 1577 Gr.
889 1555 926 1589 p.
953 1542 1138 1577 166-170.
1532 1585 1537 1594 ι

235 1603 298 1644 *²¹7
324 1601 382 1637 Cf.
409 1602 527 1649 Bopp.
552 1622 600 1629 —·
624 1602 850 1637 Jahrbiicher
881 1601 941 1635 fur
974 1600 1314 1636 wissenschaftliche
1354 1600 1479 1635 Kritik
1524 1599 1575 1635 N.
1601 1600 1727 1636 46-48

326 1660 431 1695 Marz
456 1661 548 1696 1831
573 1674 609 1707 p.
635 1659 821 1697 380-381.

212 1720 297 1761 *⁵**)
324 1718 371 1752 A.
399 1718 659 1753 Grotesendus:
695 1720 826 1753 Prima
862 1723 897 1752 et
922 1718 1077 1752 secunda
1109 1718 1302 1752 declinatio
1339 1717 1621 1751 terminationem
1645 1729 1724 1751 aum

323 1781 361 1811 et
387 1787 471 1810 oum
502 1777 559 1811 vel
588 1778 774 1812 contraxit
811 1778 849 1811 in
880 1776 950 1817 fim,
986 1782 1027 1815 ut
1052 1777 1090 1811 in
1123 1775 1345 1818 coelicolum,
1378 1774 1569 1816 nummflm,
1596 1776 1652 1818 vel
1671 1776 1726 1810 di-

318 1847 462 1881 qamma
486 1836 582 1869 inter
605 1836 743 1870 vocales
774 1837 812 1870 in
846 1848 862 1869 s
898 1836 1017 1876 auxit,
1053 1835 1159 1881 quod,
1182 1820 1324 1868 tandem
1356 1833 1393 1868 in
1416 1844 1435 1866 ι·
1458 1838 1634 1868 mutatum
1657 1839 1723 1874 est,

326 1895 359 1927 c'.
387 1904 419 1926 c.
446 1893 621 1935 bona'um,
648 1894 822 1934 bono’um,
850 1895 1036 1934 bonarum,
1064 1894 1249 1928 bonorum.
1299 1890 1347 1926 A.
1375 1890 1441 1926 Gr.
1470 1890 1502 1933 I,
1528 1903 1565 1938 p.
1591 1891 1674 1926 200.

179 1953 287 1992 *ἢῆ
322 1950 431 1987 Haec
456 1951 623 1996 leguntur
646 1953 683 1985 in
709 1952 915 1986 doctissima
932 1952 1067 1998 Boppii
1091 1951 1344 1998 disputatione,
1371 1950 1471 1985 cuius
1496 1962 1604 1996 supra
1626 1963 1722 1985 men-

320 2010 456 2044 tionem
491 2009 657 2043 fecimus:
690 2010 981 2055 Vergleichende
1014 2011 1302 2057 Zergliederung
1337 2009 1399 2043 des
1436 2009 1616 2043 Sanscrits
1650 2010 1723 2043 und

319 2068 385 2103 der
409 2068 475 2102 mit
499 2067 571 2102 ihm
597 2068 824 2103 verwandten
850 2068 1046 2115 Sprachen.
1070 2061 1078 2117 *⁴
1096 2069 1131 2104 3.
1158 2068 1272 2104 Abth.
1324 2067 1447 2103 Ueber
1472 2069 1534 2103 das
1563 2068 1721 2103 Demon-

319 2127 508 2180 strativum
540 2127 612 2161 und
649 2127 716 2160 den
751 2126 941 2172 Ursprung
974 2128 1038 2162 der
1071 2124 1346 2163 Casu'szeichen.
1411 2126 1508 2163 Abh.
1541 2128 1605 2162 der
1638 2126 1719 2160 k'tin.

319 2184 393 2221 Ak.
421 2185 485 2220 der
510 2184 689 2220 Wissens.
718 2197 751 2219 ν.
777 2184 816 2219 J.
843 2184 948 2220 1826.
