1949 2366
829 150 884 159 -
953 134 983 169 4
1050 151 1105 159 -

196 227 395 267 imbuant
443 226 650 281 artesque
689 227 885 267 liberales
929 234 1079 270 contra
1127 228 1398 283 ingruentem
1450 214 1688 270 barbariem
1704 232 1747 283 ¹⁸³)

195 303 445 351 defendant,
482 317 648 357 semper
689 302 813 343 nobis
853 305 1155 358 persuasimus.
1225 305 1307 350 ,Sed
1336 320 1474 362 quum
1517 312 1662 347 tantus
1691 307 1747 346 sit

196 380 447 434 linguarum
476 370 690 426 numeruS‚
723 381 869 421 ut‘vel
898 369 1321 436 excellentissimum*
1339 381 1563 435 ingenium
1592 395 1749 437 paucas

197 462 369 500 tantum
405 469 554 509 capere
600 454 750 508 possit,
792 456 1007 511 philologi
1051 456 1120 498 eas
1154 457 1427 511 potissimum
1473 451 1749 499 addiscendas

197 533 278 573 sibi
317 537 605 586 sumpserunt,
652 532 699 572 in
737 547 847 586 quas
882 534 1095 583 humanus
1132 534 1301 575 animus
1328 548 1473 575 omnes
1509 533 1745 589 suas‘ope&

194 622 363 649 omnem
401 608 594 661 vigorem
636 613 679 647 et
719 608 1026 661 praestantiam
1064 609 1264 650 effudisse
1301 608 1530 649 videretur.
1597 609 1747 665 Neque

194 684 409 725 immerito
437 685 512 724 has
540 682 736 723 fautricis
765 690 944 724 naturae
971 684 1093 725 dotes
1115 690 1158 724 et
1186 685 1233 725 in
1264 683 1440 736 linguae
1456 698 1630 737 graecae
1658 700 1749 726 sua-

195 760 326 800 vitate
354 773 403 799 ac
434 759 614 807 divitiis,
641 766 684 800 et
713 759 897 813 linguae
907 760 1068 800 latinae
1095 761 1315 802 maiestate
1343 773 1394 799 ae
1421 760 1572 801 robore
1600 760 1746 814 depre-

193 835 375 876 hendere
405 850 447 875 se
475 834 675 876 arbitrati
710 841 824 875 sunt.
864 834 998 874 ‘Hinc
1033 834 1197 876 factum
1233 842 1309 883 est,
1346 842 1397 876 ut
1432 837 1633 882 Graeciae
1671 838 1746 877 La·
1788 862 1796 863 ff

193 913 335 968 tiique
363 911 532 960 Musae,
556 912 675 952 dulci
696 910 909 951 consortio
938 910 1123 964 iunctae,
1152 911 1245 952 iure
1272 915 1457 966 quodam
1486 909 1743 953 hereditario

193 1004 364 1032 omnem
412 990 734 1044 philologorum
788 988 976 1030 favorem
1019 995 1062 1028 et
1106 988 1296 1029 studium
1332 988 1422 1047 sibi
1465 988 1745 1029 vindicarent.

334 1067 415 1107 Sed
435 1067 521 1107 iam
543 1071 837 1121 approperant
860 1078 1019 1105 sorores
1038 1065 1311 1118 Gangeticae‚
1340 1079 1452 1119 quae
1477 1065 1523 1105 in
1555 1064 1746 1105 eamdem

190 1142 412 1185 felicitatis
440 1142 686 1189 societatem
719 1140 863 1181 ve‘nire
881 1134 1080 1195 cup'iunt.
1138 1141 1282 1182 Nolite
1311 1147 1425 1182 tecto
1453 1155 1605 1188 arcere,
1635 1154 1746 1195 quae

191 1221 322 1274 longo
357 1219 511 1260 itinere
545 1223 747 1272 superato
790 1231 1012 1270 germanas
1048 1209 1240 1257 salutant
1278 1223 1321 1257 et
1357 1217 1518 1258 blando
1551 1216 1745 1271 alloquio

192 1310 403 1336 summam
440 1285 797 1335 necessitudinem
832 1300 876 1333 et
916 1294 1218 1348 cognationem
1255 1299 1483 1334 testantur.
1550 1292 1594 1333 Si
1629 1288 1744 1332 enim

192 1374 339 1413 beatas
367 1372 541 1412 orientis
569 1370 762 1424 regiones
790 1384 890 1411 cum
909 1370 1124 1411 veteribus
1152 1370 1323 1412 Graecis
1348 1376 1391 1412 et
1420 1370 1624 1412 Romanis
1652 1383 1745 1423 per-

272 1520 310 1561 *)
336 1517 429 1561 Quis
464 1530 534 1552 non
568 1518 716 1564 indigne
751 1518 840 1559 fert,
882 1516 1015 1552 audere
1049 1517 1116 1551 hoc
1153 1521 1273 1552 nostro
1312 1497 1472 1564 tempore
1515 1516 1742 1562 Stephanios,

337 1586 504 1627 Ottones,
537 1568 749 1627 Richteros‚
783 1591 821 1620 et
853 1586 958 1620 huius
1003 1586 1139 1620 farinae
1171 1585 1258 1620 alios
1291 1586 1476 1632 pristinam
1509 1585 1744 1619 rusticitatem

335 1656 439 1689 nobis
484 1656 677 1700 obgannire
709 1656 911 1702 artiumque
950 1654 1177 1689 humanitatis
1216 1658 1458 1701 contemptum
1490 1658 1531 1688 ut
1571 1665 1743 1688 summum

338 1725 469 1758 bonum
494 1714 714 1770 praedicare?
741 1724 798 1760 Cf.
819 1724 1006 1776 Stephani,
1033 1723 1158 1758 Ueber
1168 1722 1399 1770 Gymnasien,
1425 1723 1501 1757 ihre
1527 1722 1742 1768 eigentliche

333 1794 587 1839 Bestimmung
612 1794 684 1828 und
715 1775 1031 1840 zweclimiissigste
1056 1793 1305 1840 Einrichtung.
1355 1792 1537 1838 Erlangen
1565 1791 1671 1827 1828.
1695 1810 1743 1819 —

338 1862 441 1902 Otto,
469 1861 571 1896 chi
597 1861 811 1897 Gebrechen
841 1863 906 1897 der
929 1863 1082 1897 meisten
1106 1861 1479 1903 Gelehrten-Schulen
1501 1861 1537 1895 in
1564 1861 1741 1895 Deutsch—

335 1931 433 1967 land.
485 1930 610 1977 Leipz.
636 1931 942 1968 1830.—-Eiusd:
965 1932 1106 1967 Drittes
1124 1930 1341 1967 Gebrechen
1351 1950 1410 1966 -.
1437 1930 1528 1977 Leip
1553 1955 1561 1964 .
1578 1929 1741 1965 1831.—

335 2001 380 2036 T.
407 2000 458 2035 A.
486 1999 529 2034 L.
558 1999 725 2044 Richter,
761 2002 1054 2047 Betrachtungeu
1080 2002 1168 2036 iiber
1192 2001 1262 2037 den
1288 2000 1422 2036 Zweck
1448 2000 1513 2035 der
1538 1999 1742 2045 Erziehung·

335 2072 406 2106 und
451 2070 515 2106 des
548 2068 683 2107 iiffentl.
717 2070 944 2121 Unterricbts
985 2091 1033 2096 —
1068 2071 1227 2118 vorziigl.
1263 2073 1300 2107 in
1333 2070 1543 2117 Beziehung
1578 2070 1643 2105 auf
1677 2070 1739 2105 das

333 2141 475 2187 System
501 2140 565 2175 des
591 2135 862 2176 Humanismus.
914 2140 1057 2175 Dessau
1081 2140 1188 2175 1830.
