1949 2366
811 137 1088 173 ..12-

178 246 258 286 pro
288 232 382 279 illa,
410 245 499 285 qua
526 246 552 271 a
579 232 670 271 Deo
698 232 934 272 immdrtali
963 232 1148 275 donatus
1179 240 1243 274 est
1271 215 1492 288 cogitandi
1517 234 1722 290 facultate

176 308 396 350 discernit.
437 307 615 348 Animus
634 320 772 373 quum
791 306 925 348 libere
949 323 1026 362 per
1043 323 1093 350 ea
1119 315 1315 364 vagatur,
1343 310 1522 364 qui-bus
1530 309 1719 350 cinctum

177 400 220 425 se
248 384 380 431 videt,
407 389 450 423 et
478 383 521 422 vi
557 396 634 422 sua
660 382 857 436 ingenita
884 386 1131 438 perlustrat,
1173 400 1320 444 quae
1321 386 1509 427 muudus
1543 386 1720 427 circum·

177 459 385 516 spicienti'
404 459 543 506 offert,
572 458 702 506 varie,
730 464 780 499 ut
809 460 1018 517 cuiusque
1046 462 1105 502 rei
1142 461 1323 503 indoles
1335 467 1412 509 est,
1445 463 1649 503 affectum
1676 476 1719 502 se

175 537 342 578 sentiet.
400 535 517 576 Idem
546 547 646 575 vero
674 535 845 577 animus
872 537 950 594 sui,
967 537 1051 588 sibi
1072 537 1269 579 conscius
1284 542 1440 582 natm-a
1456 541 1543 581 *sua
1568 539 1719 594 impel-

173 614 293 659 litur,
322 618 372 652 ut
400 617 580 665 quaerat
608 612 806 659 alterum,
835 612 906 652 cui
935 612 1182 665 imaginem,
1219 605 1359 668 quani'
1392 630 1415 654 e
1450 616 1595 655 rerum
1621 616 1718 655 con·

172 673 454 747 templatione
482 687 564 728 sibi
596 688 737 735 finxit,
767 688 855 728 suis
883 689 1099 729 coloribus
1128 693 1413 744 repraesentet
1436 691 1717 749 notionesqu'e

170 768 289 807 intus
306 770 534 819 conceptas
562 765 687 805 claris
707 764 847 805 verbis
857 764 1103 818 impertiat.
1162 765 1239 805 Est
1266 766 1403 819 igitur
1431 766 1604 819 aliquis,
1635 767 1715 819 qui

170 842 344 896 cogitat*
360 848 403 881 et
432 842 644 895 loquitur,
674 847 738 881 est
766 842 887 889 alter,
919 855 1110 895 quocum
1146 843 1335 896 cogitata
1366 858 1443 884 sua
1482 842 1716 884 commun&

168 926 261 966 cat,
290 924 392 959 sunt
419 932 497 964 ηε,
533 918 587 958 de
623 918 784 971 quibus
819 931 956 958 sermo
990 909 1142 958 o'ritur.
1208 919 1323 959 Hinc
1360 919 1566 960 coniicere
1598 919 1714 966 licet,

166 995 386 1036 hominem
428 1008 478 1034 ea
513 993 705 1047 primum
747 993 936 1039 invenire
979 990 1202 1055 vocabula,
1245 1003 1432 1048 quorum
1466 1009 1548 1050 ope
1586 1008 1628 1035 se
1666 989 1715 1034 ut

167 1079 367 1113 naturam
382 1086 460 1125 per
474 1085 517 1110 se
532 1071 747 1123 vigentem
762 1077 804 1110 et
820 1070 1001 1110 liberam
1019 1070 1074 1123 ab
1093 1071 1242 1118 alter03
1258 1085 1388 1125 quem
1403 1072 1656 1126 alloquitur,
1671 1074 1715 1111 et

164 1150 221 1189 ab
239 1148 304 1195 iis,
317 1147 371 1188 de
388 1148 549 1201 quibus
564 1145 747 1191 disserit,
764 1145 978 1185 discernat
992 1147 1125 1199 atque
1140 1160 1252 1199 quae
1268 1153 1410 1187 mente
1426 1146 1630 1201 concipit,
1647 1147 1715 1187 vel

164 1225 220 1265 ad
240 1239 295 1272 se,
315 1225 380 1264 vel
395 1223 451 1264 ad
470 1223 597 1263 illum
617 1222 815 1268 alterum,
832 1221 897 1261 vel
912 1222 969 1262 ad
984 1221 1160 1262 tertium
1178 1222 1398 1276 quoddam
1420 1223 1586 1264 referat.
1627 1222 1714 1263 Nec

163 1289 334 1347 dubito,
361 1292 470 1352 quin
489 1300 750 1352 pronomina,
778 1311 931 1352 quaea
950 1298 1239 1351 grammaticis
1267 1299 1561 1352 appellantur,
1593 1299 1713 1352 quod

165 1375 390 1415 nominum
405 1375 541 1415 vicem
552 1374 760 1414 sustinere
773 1374 994 1421 dicuntur,
1008 1375 1219 1414 humanae
1232 1373 1408 1434 linguae
1418 1373 1574 1427 origini
1589 1373 1713 1414 ascri-

165 1451 306 1492 benda
323 1451 424 1491 sint.
487 1449 746 1503 Iamdudum
776 1452 891 1492 enim
919 1464 1067 1491 eorum
1095 1450 1308 1490 sententia
1332 1450 1511 1503 explosa
1528 1456 1603 1496 est,
1634 1450 1709 1503 qui

165 1530 266 1569 haec
284 1529 496 1569 vocabula
514 1535 738 1582 tamquam
756 1528 964 1583 loquendi
984 1518 1239 1582 compendia
1255 1532 1349 1566 tum
1383 1525 1558 1566 demum
1577 1525 1709 1566 animi

163 1604 355 1646 sollertia
377 1618 464 1644 esse
492 1604 666 1645 inventa
694 1604 958 1652 existimant,
988 1619 1124 1659 quum
1153 1604 1305 1656 lingua
1323 1594 1539 1642 'omnibus
1566 1600 1711 1642 nume-

164 1682 219 1721 ris
254 1681 455 1721 absoluta
481 1688 601 1728 esset,
641 1697 692 1722 ne
712 1682 853 1736 longis
872 1682 1127 1736 ambagibus
1154 1688 1197 1722 et
1227 1678 1494 1733 repetitionis
1516 1662 1710 1720 molestia

162 1756 509 1811 impediretur*).
568 1758 813 1815 Secundum
857 1758 1010 1799 aetatis
1045 1758 1189 1798 locum
1234 1756 1279 1796 i'n
1323 1754 1475 1809 lingua
1510 1756 1708 1797 obtinent

246 1871 281 1911 *J
307 1870 510 1916 Singularis
543 1882 585 1904 ac
616 1883 708 1906 nova
740 1876 795 1905 est
826 1872 989 1919 Auqusli
1023 1870 1241 1918 Grotesendi
1272 1870 1465 1909 sententia,
1501 1870 1707 1915 pronomina

300 1940 484 1986 primitiva
508 1951 589 1986 eqo,
623 1953 692 1982 me,
729 1947 787 1982 tu,
822 1954 875 1981 se,
910 1953 973 1976 nos
998 1946 1035 1976 et
1059 1939 1090 1975 is
1115 1952 1195 1975 cum
1221 1940 1362 1975 casibus
1388 1940 1468 1983 suis*
1488 1940 1531 1982 ei,
1558 1939 1604 1974 im
1629 1944 1707 1975 orta

301 2022 381 2044 esse
415 2021 463 2044 ex
495 2010 801 2045 terminationibus
836 2012 1034 2045 verborum.
1085 2010 1143 2045 Cf.
1178 2009 1266 2044 Eius
1291 2008 1551 2044 Ausfuihrliche
1578 2008 1704 2043 Gram-

306 2078 418 2113 matik
455 2065 519 2112 der
552 2078 614 2113 lat.
650 2077 810 2125 Sprache
840 2092 920 2114 zum
952 2078 1255 2125 Schulgebrauch.
1303 2079 1339 2116 1.
1372 2078 1456 2113 Thl.
1507 2077 1706 2112 Hannover

302 2147 409 2190 1829,
438 2160 474 2195 p.
500 2147 583 2183 217.
636 2147 898 2183 Celeberrimus
925 2148 1060 2194 Sacyus
1087 2148 1352 2195 pronominibus
1378 2151 1514 2181 tantum
1538 2157 1705 2193 persona·
