1949 2366
779 139 857 171 “-“-
910 143 968 183 44
1020 162 1077 172 ..-

167 253 307 287 rector
334 250 380 285 et
409 241 688 293 Professor*).
753 240 808 280 Et
836 241 950 281 tanti
978 248 1043 282 est
1070 242 1173 283 haec
1201 256 1266 283 res
1299 252 1432 300 atque
1467 246 1528 287 ita
1555 246 1600 286 in
1637 247 1718 287 lin·

168 336 354 378 guarum
396 318 575 362 sacraria
624 305 886 366 introducit,
937 323 989 359 ut
1035 319 1217 360 verbum
1254 316 1470 371 indicum,
1519 336 1718 377 graecum

167 406 212 441 et
247 399 432 441 latinum
467 409 545 451 per
578 393 725 435 omnia
760 408 928 448 genera,
972 394 1134 443 modos,
1175 401 1393 451 tempora,
1444 413 1641 440 numeros
1674 404 1718 440 et

167 489 369 532 personas
395 473 579 515 libenter
607 470 810 511 collaturi
848 485 1045 519 essemus,
1085 470 1168 512 nisi
1205 471 1343 513 libelli
1380 474 1618 523 scholastici
1649 491 1719 518 an-

169 553 335 609 gustiae
371 563 446 591 nos
484 547 782 604 prohiberent.
847 548 1110 602 Coniugatio
1143 548 1259 589 enim
1295 550 1413 590 verbi
1453 551 1588 594 indici
1621 567 1719 594 cum

166 627 469 683 coniugatione
507 624 647 679 graeci
682 631 727 665 et
763 624 891 666 latini
938 615 1210 680 comparata*
1227 625 1449 676 docet,“in
1491 629 1719 685 utriusque

165 707 339 761 linguae
369 701 649 760 grammatica
676 700 999 756 antiquissimas
1026 701 1197 749 formas,
1227 717 1337 757 quas
1363 717 1534 745 noscere
1560 719 1714 759 operae

165 783 356 837 pretinm
384 787 462 827 est,
490 779 617 820 nobis
644 791 731 818 nou
769 778 975 826 exhiberi,
1003 793 1151 819 earum
1178 794 1277 821 vero
1304 781 1515 835 originem
1543 782 1718 836 linguae

165 858 394 901 sanseritae
422 871 505 912 ope
532 853 729 909 indagari
760 868 895 908 posse.
953 855 1012 895 Ut
1030 855 1178 896 breves
1206 856 1351 906 simus,
1380 870 1516 900 unum
1544 864 1718 914 tempus
1791 862 1794 863 ⁷

167 949 369 990 praesens
395 932 624 974 indicativi
643 931 774 977 modi,
805 932 935 973 activi
956 933 1122 985 generis
1141 934 1395 975 sententiam
1415 942 1604 975 nostram
1623 950 1720 976 con-

173 1012 332 1052 firmet.
393 1010 468 1051 Est
497 1009 544 1050 in
572 1007 725 1063 lingua
753 1006 959 1048 sansorita
986 1022 1012 1048 a
1040 1007 1182 1049 radice
1207 1023 1286 1068 ff
1313 1012 1400 1058 tud,
1428 1025 1596 1053 vexare.-

474 1096 594 1150 Sing.
660 1096 802 1153 &³651
863 1097 993 1153 W
1047 1098 1173 1154 ῖςεζίῇ

653 1172 812 1214 tuddmi
858 1174 999 1214 tudasi
1011 1183 1016 1188 ’
1046 1175 1184 1215 tudati

472 1261 601 1302 Dual·
655 1275 833 1319 πεῖῐᾱει
918 1276 1077 1319 We
1160 1275 1318 1319 W

654 1339 825 1381 tuddvas
901 1340 1098 1380 tudatlzas
1154 1341 1321 1380 tudatas

474 1425 590 1467 Plur.
662 1441 837 1486 W
921 1441 1032 1486 ῖςεζε]
1114 1427 1263 1485 W

653 1505 841 1546 tuddmas
886 1505 1063 1545 tudatlla
1107 1506 1281 1546 tudanti.

305 1592 490 1633 Primam
520 1592 638 1634 verbi
667 1593 809 1649 graeci
838 1592 1019 1635 formam
1051 1593 1161 1633 hanc
1196 1591 1325 1634 fuisse
1352 1600 1575 1648 putamus:

473 1668 591 1723 Sing.
651 1672 822 1721 τύπτομι,
838 1672 1016 1727 γτύπτεσι,
1044 1672 1210 1716 τύπτετι,

469 1746 595 1787 Dual.
653 1750 844 1799 τύπτομες,
874 1749 1060 1793 τύπτει-ος,
1089 1748 1265 1793 τύπτει-ος

472 1821 587 1863 Plur.
657 1827 850 1875 τύπτομες,
880 1826 1041 1870 τύπτετε,
1071 1824 1260 1863 τύπτοντι.

259 1964 297 2005 ²¹¹)
331 1959 459 1997 Ueber
482 1960 541 1994 die
566 1959 841 2000 Personformen
866 1963 938 1997 und
958 1943 1256 2009 Tempusi'ormen
1281 1962 1346 1996 der
1369 1961 1615 2009 griechischen
1640 1963 1713 1997 und

330 2029 567 2066 lateinischen
579 2029 750 2077 Sprache.
781 2034 888 2083 Erste
899 2032 1126 2080 Abtheilung
1143 2033 1242 2069 einer
1257 2031 1557 2083 vergleiohenden
1573 2031 1711 2068 Ueber-

330 2100 426 2136 sicht
461 2100 526 2135 der
551 2099 946 2147 Conjugationsformen
979 2099 1106 2139 beider
1128 2103 1313 2150 Spraohen
1345 2115 1415 2138 von
1447 2102 1491 2138 F.
1516 2102 1566 2138 A.
1593 2102 1711 2138 Land-

332 2171 447 2217 voigt.
499 2169 729 2219 Merseburg‚
756 2172 863 2210 1831.
888 2174 924 2209 4.
