1949 2366
843 86 1005 125 -‘41
1063 100 1167 114 —·

231 213 243 223 ·
309 236 310 239 Ἴ
368 186 599 231 Adiectiva.
623 184 796 240 linguae
833 184 1061 227 sanseritae
1097 186 1282 227 maxime
1316 190 1359 225 et
1394 184 1531 225 forma
1564 191 1608 225 et
1628 197 1740 226 com-

203 266 416 320 positione
459 276 558 302 cum
593 249 812 302 adiec'tivis
845 262 1007 317 graecis
1044 263 1278 317 latinisque
1328 261 1624 308 consentiunt,
1667 262 1738 302 sed

196 341 397 382 maiorem
433 337 783 380 terminationum
822 340 993 394 copiam
1026 339 1291 394 exhibent*).
1341 338 1429 380 Nec
1465 337 1610 379 minus
1646 351 1737 391 gra-

196 416 278 455 dus
306 415 709 470 comparationis**)
748 416 946 458 intimam
987 431 1087 470 cum
1121 415 1300 470 reliquis
1327 414 1524 455 dialectis
1559 413 1740 454 affinita—

195 500 282 534 tem
311 493 564 548 loquuntur.
621 475 916 548 comparativi
931 478 1070 535 forma
1096 499 1158 534 est
1187 493 1253 535 vel
1280 508 1336 555 ffl-
1364 498 1471 540 tara,
1500 489 1663 546 persice
1696 500 1738 553 ’,ᾗ

198 577 272 617 ter,
304 573 455 624 vgraece
492 588 604 624 τερος,
641 571 708 610 vel
743 570 856 631 :ffaq
894 572 992 626 iyas,
1040 585 1152 626 quae
1188 570 1321 611 rarior
1356 574 1441 616 est,
1484 581 1633 622 graece
1661 569 1737 612 ι’ων,

197 661 385 701 quocum
411 647 596 688 latinum
629 648 707 693 ior,
742 654 910 689 mutato
937 664 957 689 s
984 648 1031 689 in
1058 664 1094 696 r,
1122 646 1342 695 convenit,
1380 644 1633 700 superlativi
1669 644 1736 684 vel

195 739 268 775 ΗΠ
295 731 419 773 tama,
446 725 513 764 vel
540 740 610 785 ξιξ
637 724 818 772 ἰεοΙιίΙια,
847 738 995 778 graece
1029 740 1140 772 ιστος,
1183 739 1294 778 quae
1329 725 1460 764 etiam
1495 722 1630 763 rarior
1657 728 1735 761 est.

196 801 405 856 Exempla
450 803 555 842 sint:
591 816 735 860 ,Πῑῇῖ
770 800 1030 847 mahattara,
1083 796 1236 847 maior.
1275 814 1421 853 Πῇῑῑ
1461 799 1728 843 malatinam,

193 865 409 925 mdximus,
438 878 651 932 persicum
696 882 735 928 λς
763 876 856 923 belz,
895 876 1034 942 bonus,
1055 909 1058 910 ν
1066 888 1163 939 ,2²6³
1193 876 1351 924 beliter,
1380 875 1543 920 melior,
1578 885 1733 939 &2²6⁴

195 954 387 1001 behterim
416 954 607 1007 optimus,
630 964 787 1008 graeca
815 954 1033 1007 σοφώτερος,
1070 955 1298 1008 σοφώτατος,
1333 955 1496 1003 βελτίων,
1532 957 1731 1002 βέλτιστος,

193 1016 379 1071 latinum
404 1037 532 1080 exter,
560 1031 752 1092 exterior,
788 1032 977 1072 extimus.
1033 1017 1398 1072 Terminationem
1425 1045 1482 1090 ῖ-η·
1511 1037 1604 1071 tara
1622 1031 1734 1085 Bop-

191 1107 290 1161 pius
312 1107 440 1151 ,ducit
467 1122 493 1148 a
522 1106 719 1164 radiceff
737 1107 805 1154 tri,
834 1121 945 1160 quae
972 1109 1210 1163 transgredi
1236 1107 1466 1161 significat,
1500 1114 1543 1147 et
1572 1108 1729 1147 suffixo

190 1198 229 1233 33
255 1184 396 1236 a***).
453 1184 511 1223 Ut
546 1184 696 1237 lingua
732 1182 868 1223 latina
894 1182 940 1223 in
969 1183 1064 1224 aliis
1094 1183 1243 1225 formis
1278 1196 1414 1237 prope
1449 1182 1504 1223 ad
1532 1183 1728 1238 linguam

192 1259 438 1300 sanseritam
466 1258 643 1307 accedit,
672 1259 734 1299 ita
762 1258 807 1298 in
837 1259 1101 1312 superlativo
1133 1253 1359 1304 formando
1387 1260 1522 1300 amice
1543 1274 1652 1300 *cum
1682 1275 1730 1300 ea

191 1335 422 1390 conspirat.
484 1335 662 1389 Proprie
698 1340 761 1375 est
807 1334 921 1375 enim
967 1334 1217 1389 superlativi
1258 1335 1429 1389 signum
1465 1342 1557 1383 tem,
1594 1338 1727 1384 timus,

191 1420 326 1452 tumus
351 1403 429 1465 ¹(cf.
464 1412 697 1465 optumus),
733 1411 851 1465 quod
892 1411 957 1451 vel
986 1410 1032 1451 in
1065 1413 1202 1461 simus,
1239 1413 1306 1452 vel
1342 1412 1390 1453 in
1418 1414 1558 1460 rimus,
1587 1415 1652 1454 vel
1681 1414 1724 1453 in

189 1490 309 1529 limus
336 1483 630 1541 proscuiusvis
656 1487 856 1528 adiectivi
887 1494 1041 1529 natura
1076 1488 1255 1531 transire
1290 1494 1447 1542 potest.
1507 1489 1555 1529 In
1583 1489 1725 1529 adver·
1761 1536 1764 1538 ,

187 1565 271 1605 biis
306 1563 551 1605 terminatio
585 1563 790 1605 abiicitur
830 1566 906 1619 (qs.
944 1566 1115 1613 viritim‚
1138 1566 1393 1621 gradatim).
1466 1581 1522 1627 ffl-
1558 1573 1649 1607 tara
1676 1565 1722 1605 in

186 1642 359 1696 linguae
385 1640 544 1682 latinae
572 1641 863 1695 comparativo
899 1642 1043 1697 periit.
1114 1642 1288 1683 Servata
1325 1647 1389 1682 est
1431 1642 1477 1683 in
1507 1642 1724 1685 vocabulis

177 1726 357 1772 praeter,
376 1725 573 1774 propter,
590 1718 742 1766 subter,
770 1721 891 1768 inter,
917 1727 1045 1768 exter,
1074 1720 1192 1768 alter,
1221 1726 1326 1768 uter,
1355 1727 1509 1768 neuter,
1538 1719 1644 1761 aliis.

262 1898 300 1940 ³¹⁸)
324 1897 382 1933 cf.
408 1898 543 1945 Boppii
568 1894 640 1934 Gr.
661 1897 740 1933 crit.
765 1897 908 1944 linguae
932 1910 1066 1934 sanscr.
1091 1911 1128 1946 p.
1154 1899 1342 1937 115-119.

235 1965 295 2010 *ἢ
320 1965 378 2001 Cf.
404 1965 530 2001 Eiusd.
556 1965 623 2002 Gr.
649 1965 727 2001 crit.
753 1966 777 2001 l.
803 1978 831 2002 s.
856 1979 893 2014 p.
920 1967 1113 2004 119-122.

207 2035 290 2080 ***)
314 2034 373 2071 cf.
400 2035 533 2083 Boppii
557 2035 627 2076 Gr.
649 2038 729 2073 crit.
754 2037 778 2074 l.
805 2050 834 2075 S.
868 2051 905 2086 p.
931 2039 1002 2076 120
1037 2034 1075 2077 et
1099 2040 1228 2078 Eiusd.
1259 2040 1532 2077 Ausfiihrliches
1557 2039 1715 2088 Lehrge-

316 2105 434 2140 b'aude
457 2105 521 2141 der
544 2105 726 2142 Sansorit·
739 2106 913 2155 Sprache.
966 2110 1103 2153 Berlin,
1129 2100 1233 2147 1827*
1249 2124 1287 2159 p.
1312 2111 1495 2147 289-291.

1329 2184 1357 2220 6
