1949 2366
769 155 776 172 r
844 166 899 173 -.
967 146 998 183 2
1069 166 1125 173 ....
1179 160 1181 164 v

212 240 442 289 hominem,
480 256 621 282 rerum
658 255 910 295 cognoscere
946 256 1105 291 causa&
1151 256 1204 283 ne
1242 243 1494 297 peregrinus
1529 251 1572 284 et
1607 245 1758 298 hospes

212 317 268 356 sit
297 317 343 358 in
365 318 494 360 domo
522 334 611 368 sua,
638 312 841 372 legesque
869 325 1115 372 perspectas
1150 320 1317 367 habere,
1355 321 1517 374 quibus
1545 335 1760 361 summum

214 407 373 433 numen
410 394 655 436 universum
693 394 920 441 mundum,
966 394 1089 434 cuius
1123 409 1225 449 pars
1258 400 1321 434 est
1349 396 1595 450 praecipua,
1623 397 1764 437 mode-

213 475 334 509 ratur
361 483 410 509 ac
439 471 665 523 gubernat.
1672 521 1679 526 ἱ

378 546 473 586 Non
502 545 637 600 magis
665 551 812 586 autem
841 560 983 586 rerum
1022 552 1177 587 natura
1207 546 1537 596 admirationem
1574 554 1761 588 nostram

212 615 373 661 excitat
410 628 453 661 et
488 622 684 662 studium
704 622 981 682 ‘indefessum
1028 637 1077 662 ac
1113 629 1335 662 strenuum
1371 623 1594 676 efflagitat,
1630 638 1760 678 quam

211 695 422 736 humanus
470 696 652 744 animus,
697 697 744 738 in
790 711 879 752 quo
931 697 1109 738 coeleste
1154 695 1266 738 illud
1310 703 1354 737 et
1402 696 1620 746 divinum,
1671 713 1761 753 quo

210 771 432 823 praeditus
459 778 536 820 est,
573 773 797 813 innumera
825 774 1083 828 philosopho
1114 773 1242 813 offert
1278 773 1500 820 miracula,
1538 787 1650 826 quae
1689 774 1761 813 ad-

210 846 389 887 modum
425 848 623 889 difficiles
663 850 908 903 explicatus
951 850 1125 894 habent.
1198 848 1315 893 Quid
1358 854 1421 888 est
1458 848 1595 897 enirn,
1640 849 1758 903 quod

209 922 424 965 humanus
460 925 630 965 animus
658 940 744 965 non
775 926 1023 979 percurrat?
1062 930 1151 966 tam
1180 924 1449 965 reconditum
1477 931 1520 964 et
1548 924 1761 971 abditum,

211 998 321 1051 quin
360 1000 580 1040 recludat?
616 995 1004 1047 tam‘involutum‚
1042 1000 1150 1054 quin
1191 1001 1385 1054 retegat?
1428 1001 1529 1041 Soni
1566 1007 1609 1040 et
1637 1001 1759 1041 lurni-

208 1073 277 1113 nis
314 1075 585 1116 velocitatem
621 1077 790 1130 physici
827 1077 1015 1117 numeris
1048 1082 1370 1131 persequuntur
1408 1082 1451 1115 et
1479 1088 1622 1117 rerum
1650 1073 1760 1116 vires

206 1150 264 1189 ad
299 1141 499 1203 calculos*
531 1159 706 1191 vocant:
754 1153 852 1206 quis
893 1166 995 1193 vero
1024 1165 1233 1212 umquam
1270 1152 1447 1191 humani
1484 1151 1616 1191 animi
1651 1152 1761 1198 velo-

208 1226 384 1266 citatem
420 1233 719 1275 emensus-est,
756 1235 833 1268 aut
868 1228 1028 1268 limites
1055 1227 1181 1274 vidit,
1217 1240 1328 1281 quos
1354 1228 1447 1267 eius
1474 1220 1761 1268 virestransi—

208 1300 289 1341 lire
324 1303 569 1356 nequeant?
623 1303 682 1343 Ut
718 1302 765 1343 in
802 1318 945 1365 rerum
982 1310 1138 1344 natura
1172 1303 1262 1358 vita
1296 1303 1388 1349 illa,
1430 1316 1520 1357 qua
1556 1303 1759 1357 agitatur,

211 1392 452 1432 numquam
488 1380 658 1433 sopitur
689 1385 733 1420 et
767 1380 1082 1433 exstinguitur,
1118 1379 1182 1419 ita
1216 1380 1430 1420 humanus
1449 1379 1619 1420 animus
1638 1392 1761 1420 num-

211 1468 343 1508 quam
381 1456 512 1503 lacus,
549 1455 778 1512 tranquilli
806 1454 991 1509 speciem
1021 1455 1211 1509 praebet,
1240 1454 1313 1495 sed
1339 1455 1401 1495 ita
1429 1455 1594 1510 semper
1622 1455 1761 1496 flucti-

211 1532 289 1570 bus
320 1538 627 1579 commovetur,
657 1539 709 1573 ut
749 1546 803 1572 ne
837 1532 1068 1571 acerrimus
1105 1531 1282 1585 quidem
1317 1532 1432 1572 visus
1459 1539 1536 1572 aut
1573 1532 1759 1573 fundum

218 1608 479 1662 contingere,
507 1615 585 1650 aut
610 1621 756 1650 veram
777 1608 869 1668 eius
894 1607 1127 1661 imaginem
1149 1607 1317 1662 assequi
1341 1608 1489 1663 possit.
1547 1608 1655 1649 Nam
1678 1608 1760 1649 sin-

212 1686 324 1737 gulis
352 1687 582 1726 momentis
600 1700 760 1726 novum
789 1670 914 1739 quasi
944 1683 1155 1724 mundum
1176 1697 1229 1723 ex
1249 1697 1293 1723 se
1311 1699 1531 1738 procreare
1558 1692 1601 1724 et
1623 1685 1758 1725 notio-

211 1775 297 1809 nes,
327 1776 438 1817 quas
466 1762 596 1816 cepit,
634 1768 724 1802 tam
753 1762 861 1802 mire
894 1760 1008 1801 inter
1045 1774 1088 1799 se
1116 1759 1365 1801 consociare
1393 1767 1548 1815 potest,
1586 1769 1636 1801 ut
1671 1775 1758 1803 non

210 1843 383 1877 tantum
403 1851 469 1877 res
483 1844 682 1881 externae
695 1838 740 1878 in
755 1838 850 1891 ipso
867 1835 1180 1889 resplendeant,
1202 1836 1275 1875 sed
1290 1848 1423 1876 novae
1439 1837 1570 1877 etiam
1584 1837 1757 1886 formae,

211 1914 352 1956 variae
379 1921 423 1956 et
450 1914 660 1962 infinitae,
688 1929 742 1955 ex
769 1913 936 1955 intimis
963 1913 1055 1953 eius
1080 1911 1312 1953 recessibus
1329 1912 1555 1966 prodeant.
1612 1913 1758 1957 Quum

212 1978 349 2044 igitur
383 1998 454 2033 tot
490 1997 669 2045 tamque
697 1991 861 2031 subitas
887 1989 1202 2030 vicissitudines
1234 1988 1379 2052 subire
1412 1989 1561 2042 possit,
1598 1989 1759 2043 quibus

212 2068 526 2123 contemplanti
559 2074 603 2108 et
640 2065 927 2121 perscrutanti
968 2065 1104 2120 ipsi‘us
1141 2070 1340 2107 naturam
1378 2078 1420 2106 se
1455 2065 1680 2107 subtrahat
1714 2071 1758 2104 et

211 2143 574 2198 exspectationem
598 2143 692 2184 eins
719 2143 963 2191 frustretur,
1001 2142 1127 2182 facile
1161 2142 1361 2189 efficitur,
1394 2141 1515 2197 quod
1543 2142 1756 2184 volumus,
