1949 2366
782 142 1102 185 .-6—

194 239 442 280 hominibus
469 237 662 279 eamdem
687 250 774 277 esse
791 234 956 279 ‘debere
984 238 1194 291 linguam,
1231 242 1301 281 vel
1328 243 1520 283 eamdem
1548 234 1741 286 omnium

194 303 445 371 linguarum
473 314 776 356 diversitatem.
833 313 927 355 Cur
954 329 1053 355 vero
1082 302 1545 369 tantoperedifferunt¹
1570 319 1740 373 linguae

197 394 440 435 Sinensium
466 397 510 431 et
539 389 796 431 Semitarum
826 404 853 430 a
879 391 1032 445 lingua
1050 391 1269 440 samarita,
1299 400 1348 433 ut
1375 403 1453 434 aut
1480 395 1638 449 exigua
1664 402 1740 442 aut

197 471 320 511 nulla
346 482 492 510 earum
521 466 762 508 similitudo
790 467 1062 509 inveniatur?
1117 468 1435 526 Quodcumque
1463 470 1636 513 demum
1663 480 1740 519 est,

197 547 306 588 nihil
335 560 410 587 nos
437 542 659 600 impediet,
688 543 924 599 quominus
959 559 1029 586 eas
1056 545 1240 599 linguas,
1265 560 1466 600 ,quarum-
1498 554 1542 588 et
1570 548 1741 602 singula

197 624 405 664 vocabula
432 627 475 660 et
503 621 784 674 grammatica
821 628 1038 663 structura
1066 637 1197 677 quam
1236 624 1423 664 maxime
1452 626 1739 671 consentiunt,

195 715 249 740 ex
277 699 423 739 eodem
462 697 582 738 fonte
617 697 797 738 fluxisse
827 698 1098 739 arbitremur.
1129 701 1130 705 ’
1164 698 1221 739 Et
1249 698 1429 739 latinam
1456 698 1636 753 quidem
1662 701 1759 751 finq

198 791 326 830 guam
356 788 527 815 omnem
545 773 841 823 Ruhnkenius,
870 774 1114 816 immortale
1142 774 1255 816 illud
1275 774 1436 824 artium
1454 775 1737 816 humanitatis

194 856 335 900 decus,
383 851 589 907 pulchrae
628 851 778 890 matris
815 864 989 905 graecae
1028 852 1255 906 pulchram
1300 850 1435 891 filiam
1475 850 1614 891 dicere
1651 864 1739 891 non

195 929 441 974 dubitabat,
482 926 700 966 fatebatur
735 933 892 974 tamen,
930 933 1085 967 restare
1128 929 1296 981 partem
1340 927 1586 980 quamdam,
1629 941 1740 981 quae

196 1007 368 1045 invecta
396 1002 572 1044 aliunde
599 1001 829 1043 videretur.
886 1003 1017 1043 Recte
1054 1009 1199 1043 autem
1229 1009 1358 1057 negat
1384 1003 1626 1050 ,Fridericus
1645 1004 1741 1043 Lin-

193 1082 453 1126 demannus,
491 1079 580 1119 fore
620 1092 847 1132 umquam,
884 1085 933 1119 ut
961 1081 1071 1124 haec.
1099 1094 1275 1134 quoque
1302 1094 1402 1134 pars
1429 1080 1601 1132 linguae
1628 1094 1742 1133 grae-

193 1172 266 1198 cae
305 1156 522 1202 reddatur,
561 1155 649 1195 imo
686 1156 845 1195 bonam
883 1160 1051 1208 partem
1088 1169 1244 1197 vocum
1272 1156 1505 1197 latinarum
1532 1144 1740 1210 originem

193 1248 313 1274 suam
344 1232 608 1286 germanicae
638 1230 809 1272 cuidam
837 1230 1038 1278 dialecto,
1073 1231 1192 1272 omni
1229 1233 1540 1273 Germanorum
1569 1232 1741 1279 nomine

195 1311 343 1365 priori,
372 1309 588 1361 debere*).
647 1306 809 1349 Eodem
837 1307 925 1349 fere
953 1307 1082 1349 modo
1111 1308 1307 1362 linguam
1325 1308 1505 1350 latinam
1535 1323 1588 1349 ex
1617 1309 1741 1349 servi·

271 1479 310 1518 ¹¹¹²)
334 1476 411 1512 Cfr.
438 1475 549 1510 Vitae
577 1475 854 1510 Duumvirorum
886 1473 1026 1509 Tiberii
1059 1474 1326 1510 Hemsterhusii
1358 1480 1395 1510 et
1429 1475 1581 1511 Davidis
1614 1475 1738 1511 Ruhn-

335 1546 448 1586 kenii,
475 1546 587 1579 altera
611 1534 655 1578 ab
681 1545 807 1589 eodem
833 1544 1064 1586 Ruhnkenio,
1100 1545 1211 1580 altera
1236 1557 1257 1580 a
1281 1546 1435 1583 Daniele
1460 1546 1739 1592 Wyttenbachio

336 1616 483 1661 scripta.
535 1614 632 1649 Olim
656 1615 693 1648 in
719 1613 916 1649 Germania
939 1614 1087 1648 iunctim
1110 1615 1309 1661 repetitae,
1335 1599 1582 1650 nunc—iterum
1607 1615 1737 1650 editae.

336 1685 507 1720 Accessit
531 1685 685 1730 elogium
711 1683 767 1719 Io.
779 1683 1015 1733 vMeermanni
1031 1689 1176 1719 auctore
1192 1684 1428 1719 Constantino
1445 1683 1546 1720 Cras.
1590 1684 1739 1719 Cur-avit

335 1753 543 1788 Fridericus
578 1740 811 1787 Lindemann.
863 1751 1011 1799 Lipsiae
1045 1734 1159 1793 1822,
1193 1765 1230 1802 p.
1267 1753 1325 1787 16.
1385 1752 1595 1787 Ruhnkenii
1629 1754 1739 1786 verba

334 1825 424 1858 haec
450 1828 546 1856 sunt:
592 1822 747 1856 Latinae
777 1821 920 1868 linquae
953 1821 1110 1868 oriqines
1142 1832 1240 1863 nemo
1274 1822 1479 1856 mortalium
1511 1826 1596 1855 ante
1629 1821 1737 1855 Hem-

335 1890 555 1926 sterlmsium
579 1895 675 1924 recte
699 1890 875 1936 coynovit.
933 1889 1112 1942 Viderunt
1141 1889 1261 1943 Varro
1285 1895 1322 1924 et
1346 1890 1414 1925 alii
1437 1890 1604 1930 Romani,
1625 1890 1739 1924 multa

336 1973 379 1995 ex
404 1960 531 2007 linqua
553 1971 688 2006 qraeca
711 1959 749 1993 in
773 1970 873 1993 suam
896 1959 1042 1994 venisse.
1092 1946 1296 2006 Aliquanto
1313 1957 1442 2006 plura,
1467 1971 1616 2007 quorum
1637 1959 1747 2006 oriqo'

334 2036 473 2064 veteres
486 2029 678 2075 fefelliset,
705 2040 747 2063 ex
771 2028 890 2068 eadem
914 2029 1038 2075 linqua
1061 2030 1286 2075 repetierunt
1296 2029 1461 2076 Scaliqer
1474 2034 1511 2064 et
1526 2028 1735 2063 Salmasius.

332 2098 406 2133 Sed
429 2097 550 2133 adkuc
574 2096 684 2132 dubia
709 2097 771 2132 lux
788 2101 881 2152 erat.
932 2097 1138 2138 Enimvero,
1153 2098 1301 2132 inventa
1315 2085 1581 2131 Hemsterhusii
1598 2097 1738 2143 inqenio

329 2179 481 2213 yraecae
497 2168 639 2213 linquae
651 2166 833 2213 analoqia,
862 2166 968 2200 simul
981 2167 1089 2200 etiam
1105 2167 1242 2201 latinae
1259 2167 1357 2201 ratio
1373 2166 1519 2207 diluxit,
1539 2166 1752 2211 patuitque
