1949 2366
866 173 1142 209 ..64-

236 271 419 324 lent*).·‘
479 269 573 310 Hoc
607 270 701 309 loco
740 266 911 308 silentio
940 269 1281 323 praetermittere
1321 286 1405 313 non
1445 287 1617 327 possum
1650 274 1784 314 subti-

235 351 319 389 lem
354 349 515 403 pariter
551 353 682 400 atque
718 350 947 398 augustam
984 345 1265 399 Burnovii**)
1311 350 1511 390 vocabuli
1553 349 1781 404 germanici

241 428 347 466 (ἐστι
384 423 729 477 explicationem.
802 422 962 463 Probat
999 424 1127 470 enim,
1165 437 1310 464 vocem
1350 426 1568 467 zendicam
1606 426 1783 467 khaddta

236 517 323 543 esse
353 498 599 541 sanson-itam
634 513 774 557 W
801 502 1002 547 svadatta,
1031 515 1056 540 a
1082 513 1122 540 se
1150 501 1284 548 datus,
1323 503 1395 555 qui
1416 516 1495 555 per
1522 518 1561 544 se
1588 512 1658 555 est,
1686 502 1784 544 inde

239 580 469 619 formatum
496 591 583 617 esse
612 577 827 631 persicum
858 580 943 629 5425>
976 577 1111 618 klcodd
1138 584 1181 617 et
1211 584 1404 618 nostrum
1438 579 1557 620 Gott.
1623 596 1688 631 {51
1714 595 1785 620 sva

240 667 301 697 est
332 672 439 703 suus,
469 671 508 702 α,
537 670 617 702 um,
646 663 689 697 et
708 671 782 714 εἷς
800 655 1016 708 datta***)
1048 662 1110 695 est
1140 654 1341 710 particip.
1374 663 1508 711 praet.
1540 670 1649 711 pass.
1667 656 1784 698 verbi

238 750 285 790 ζῑ
313 736 383 779 det,
412 734 522 773 dare.
582 733 725 773 Habet
762 733 899 786 igitur
929 732 1153 772 zendicum
1191 733 1374 773 khaddta
1401 733 1599 773 eumdem
1628 732 1788 786 signifi-

238 819 393 855 catum,
436 824 565 863 quem
603 810 858 850 sanseritum
898 826 1049 866 W
1092 810 1409 864 svayambkzff),
1452 813 1524 865 qui
1560 826 1610 851 ex
1649 817 1785 850 semet-

239 891 326 941 ipso
363 894 478 927 ortus
507 894 579 933 est,
611 893 810 933 aeternus,
838 886 1020 933 obtinet,
1050 901 1101 926 ex
1130 902 1276 942 W
1315 902 1491 941 svayam,
1530 890 1627 941 ipse,
1664 896 1706 927 et
1733 903 1784 942 ηΧ

238 967 333 1011 blm,
361 979 454 1005 esse.
514 964 608 1003 lndi
637 964 752 1004 enim
783 964 873 1003 sola
905 963 1046 1003 radice
1081 977 1246 1004 annexa
1290 966 1474 1005 formare
1502 972 1680 1018 possunt
1722 980 1789 1006 vo-

240 1042 417 1088 cabula,
462 1046 508 1079 ut
546 1040 688 1080 Latini
723 1054 821 1079 cum
845 1041 921 1093 fer
957 1046 999 1079 et
1030 1042 1208 1095 ger††)‚
1248 1041 1395 1081 Persae
1436 1055 1534 1081 cum
1568 1053 1610 1087 x!
1647 1044 1716 1083 ber
1748 1051 1789 1082 et

233 1127 312 1164 κ’),
329 1132 409 1158 ver.
436 1117 530 1156 Non
548 1117 637 1156 sine
654 1116 812 1156 iniuria
821 1116 1062 1156 Burnovius
1080 1118 1278 1163 affirmat,
1294 1119 1550 1159 vocabulum
1569 1120 1790 1160 zendicum

240 1194 436 1240 lchaddta,
470 1193 503 1232 si
524 1199 699 1246 etymon
721 1192 989 1245 spectaveriS‚
1010 1206 1179 1232 sensum
1200 1193 1340 1233 multo
1361 1193 1653 1235 sublimiorem
1674 1210 1791 1249 prae-

239 1274 349 1318 bere,
380 1285 513 1325 quam
532 1269 608 1327 {3
626 1272 725 1311 deva
746 1270 962 1316 Indorum,
980 1270 1074 1309 θεόν
1088 1270 1347 1309 Graecorum
1367 1276 1410 1310 et
1426 1270 1564 1311 Deum
1585 1271 1792 1312 Romano—

242 1362 350 1393 rum,
366 1348 500 1388 Deum
512 1347 626 1387 enim
639 1360 724 1386 esse
737 1352 909 1385 tantum
923 1340 1134 1393 naturam,
1145 1360 1255 1399 quae
1267 1345 1310 1385 in
1327 1346 1453 1386 coelis
1464 1347 1643 1394 habitet,
1652 1362 1676 1388 a
1688 1349 1790 1405 Q

241 1426 324 1470 dic,
344 1425 523 1464 coelum.
566 1423 703 1464 Aliter
719 1422 883 1463 iudicat
902 1423 941 1463 I.
968 1423 1244 1477 Hallenberg,
1266 1422 1342 1476 qui
1362 1423 1562 1463 omnibus
1581 1424 1686 1464 mire
1705 1431 1793 1465 tur-

241 1502 356 1540 batis
380 1507 422 1539 et
445 1502 489 1540 in
512 1500 765 1539 sententiam
787 1513 906 1538 suam
930 1499 1112 1538 detortis
1133 1513 1287 1539 nomen
1307 1501 1413 1540 Gott
1432 1516 1485 1541 ex
1508 1502 1704 1542 hebraico
1724 1522 1790 1557 ⁷¹:¹⁸.

241 1578 382 1624 echad,
405 1577 520 1617 arab.
543 1576 626 1618 00!
643 1576 821 1621 altadura,
844 1575 983 1616 chald.
1001 1596 1042 1627 πῃ
1070 1576 1187 1624 elaad,
1216 1591 1299 1631 syr.
1322 1603 1360 1634 Γ.
1376 1578 1483 1617 chad
1496 1577 1790 1631 deducit†††).

316 1694 353 1733 ᾗῇ)
387 1692 446 1727 Cf.
475 1692 557 1727 Pet.
584 1704 605 1726 a
630 1692 769 1726 Bohlen
796 1693 841 1727 de
866 1694 955 1739 orig.
982 1694 1005 1728 l.
1033 1694 1135 1728 zend.
1170 1706 1204 1739 p.
1233 1694 1292 1728 45.
1345 1693 1405 1728 Fr.
1440 1693 1626 1739 Schlegel,
1669 1692 1792 1728 Ueber

392 1751 451 1785 die
477 1750 559 1796 Spr.
585 1750 657 1785 und
684 1750 821 1786 Weish.
848 1752 910 1786 der
936 1751 1059 1786 Indier
1084 1764 1119 1798 p.
1145 1751 1204 1786 24.

293 1810 355 1852 *ἢ
390 1809 557 1853 Burnouf
577 1809 723 1844 Extrait
748 1823 783 1856 p.
809 1810 869 1845 31.

272 1868 357 1912 ***)
391 1868 499 1914 Bopp
527 1868 616 1903 ausf.
644 1868 824 1914 Lehrgeb.
851 1881 887 1915 p.
913 1868 996 1908 275,
1023 1868 1053 1913 ξ.
1080 1868 1162 1903 608.

318 1928 360 1967 †)
387 1926 494 1971 Bopp
521 1937 573 1970 gr.
601 1938 649 1960 cr.
677 1927 699 1960 l.
728 1939 755 1960 s,
782 1939 818 1973 p.
844 1927 982 1966 92-93,
1010 1926 1148 1970 §.17st

292 1990 359 2026 ††)
392 1984 500 2030 Bopp
542 1984 630 2018 ausf.
668 1984 846 2031 Lehrgeb.
879 1997 915 2031 p.
948 1983 1031 2025 288,
1067 1983 1097 2028 ξ.
1123 1983 1204 2018 642.
1264 1982 1412 2017 Wilken
1446 1994 1498 2028 gr.
1534 1994 1626 2029 pers.
1664 1995 1699 2029 p.
1734 1983 1793 2024 90,

392 2042 425 2087 ξ.
451 2042 523 2076 214
549 2046 585 2076 et
609 2054 644 2087 p.
671 2043 729 2077 93.
756 2043 786 2088 ξ.
812 2043 894 2084 224,
920 2042 955 2077 3.

276 2104 369 2145 †††)
394 2099 454 2135 Cf.
487 2099 547 2134 Ex
584 2102 771 2135 occasione
802 2102 897 2136 numi
933 2101 1036 2136 cufici
1070 2101 1115 2135 de
1141 2101 1282 2136 nomine
1309 2101 1380 2136 Dei
1413 2100 1510 2141 Gud,
1538 2101 1573 2134 in
1601 2098 1795 2134 Suio-Go-

393 2160 490 2194 thica
516 2161 750 2205 cognatisque
775 2160 904 2205 linguis
931 2160 1081 2206 origine,
1109 2160 1310 2205 disquisitio
1336 2161 1503 2195 historica
1530 2164 1566 2194 et
1585 2159 1799 2205 philologica

393 2217 423 2253 I.
453 2217 693 2264 Hallenberg.
755 2218 1031 2259 Stockholmiae,
1058 2218 1162 2253 1796.
1189 2220 1222 2253 4.
