1949 2366
832 105 1109 140 -8-

196 201 333 240 tiones
362 198 557 245 subierit,
581 202 730 239 contra
753 197 962 248 ankium
971 201 1012 253 ⁴⁸¹)
1039 200 1240 254 probavit
1261 201 1415 246 Petrus
1445 219 1470 245 a
1493 205 1744 259 Bohlen**).
1745 182 1754 185 l

195 278 347 317 Utram
376 283 517 316 tamen
548 273 801 315 sententiam
830 277 1057 331 amplexus
1092 276 1246 326 fueris,
1281 278 1328 319 id
1363 286 1527 322 certum
1557 286 1631 329 est,
1667 280 1746 322 lin-

197 366 327 404 guam
345 363 536 403 graecam
564 354 607 387 et
634 347 815 397 latinam
843 351 1210 393 annumerandam
1238 367 1326 394 esse
1353 355 1478 409 stirpi
1509 345 1676 397 indicae
1701 363 1755 396 et·

199 426 475 481 germanicae,
506 424 628 464 cuius
656 423 831 466 dialecti
861 426 961 480 plus
980 426 1123 467 minus
1150 427 1264 469 inter
1290 433 1333 471 se
1350 427 1574 487 differunt.
1618 434 1745 479 Quod

197 508 547 556 argumentorum
596 501 854 554 ambagibus
880 503 1049 543 *docere
1092 504 1155 552 nil
1196 505 1376 553 attinet,
1422 520 1559 560 quum
1604 508 1745 549 litera-

197 593 293 619 rum
326 578 565 618 indicarum
605 577 650 618 in
698 577 927 619 Germania
979 568 1180 627 Statorem
1221 581 1547 636 Schlegelii***)
1594 583 1744 625 frati-es
1788 603 1795 614 ι

272 780 308 820 *ἢ
333 777 391 812 Cf.
410 776 459 812 R.
488 776 603 819 Rask,
639 777 764 814 Ueber
789 780 852 814 das
878 778 1080 815 Alter‘und
1107 781 1165 816 die
1184 781 1355 823 Echtheit
1379 783 1442 817 der
1460 782 1742 829 zena-Sprache

342 847 415 881 und
442 847 505 899 des
533 846 806 890 Zend-Avesta,
833 849 903 883 und
931 849 1169 896 Herstellung·
1193 850 1257 885 des
1275 842 1615 906 ZendsAlphabets3
1640 852 1743 906 nebgt

338 918 437 951 einer
469 909 688 952 Uebersi'cht
726 917 789 951 des
830 922 1051 963 gesammten
1092 917 1431 964 Sprachstammes3'
1458 921 1640 955 iibersetzt
1673 932 1741 954 von

340 985 481 1020 Friedr.
510 985 641 1020 Heinr.
668 998 701 1020 v.
729 986 763 1021 d.
791 980 937 1033 Hagen.
989 986 1114 1031 Berlin
1139 986 1247 1023 1826.

257 1067 317 1109 **)
344 1065 403 1100 Cf.
432 1065 694 1100 Commentatio
720 1067 765 1101 de
790 1067 929 1113 origine
952 1067 1096 1112 linguae
1121 1067 1292 1101 zendioae
1307 1078 1328 1100 e
1344 1067 1518 1109 sanserita
1535 1067 1741 1112 repetenda,

335 1146 440 1180 quam
465 1116 679 1168 auctoritate
708 1134 758 1169 A.
785 1133 932 1168 Ordinis
948 1129 1247 1181 Philosophorum
1272 1146 1337 1182 pro
1357 1127 1436 1170 loeo
1461 1136 1496 1169 in
1523 1135 1649 1170 eodem
1673 1136 1741 1169 rite

336 1204 529 1239 obtinendo
563 1204 598 1238 d.
633 1203 691 1239 12.
719 1202 845 1237 Martii
879 1202 981 1237 1831
1020 1202 1055 1237 h.
1088 1203 1111 1236 1.
1146 1215 1182 1248 q.
1217 1216 1249 1238 c.
1288 1203 1433 1249 publice
1471 1203 1742 1237 examinandam

333 1273 482 1308 exhibet
514 1271 646 1307 Petrus
678 1284 699 1307 a
731 1271 890 1314 Bohlen,
928 1271 998 1307 Ph.
1036 1272 1102 1307 Dr.
1146 1272 1231 1319 LL.
1259 1271 1343 1307 00.
1379 1271 1425 1308 Ρ.
1453 1271 1498 1306 Ρ.
1525 1270 1573 1306 Ο.
1600 1270 1737 1317 Regio·

334 1343 470 1377 montii.
528 1342 588 1376 De
620 1341 765 1375 nomine
799 1340 904 1375 Zend
936 1340 1026 1375 haec
1057 1341 1182 1375 habet:
1225 1341 1388 1387 Linguae
1418 1340 1586 1375 zendicae
1619 1352 1742 1391 npmen

336 1412 451 1457 ipsum
465 1422 482 1445 e
500 1410 598 1449 locis,
623 1410 684 1445 ubi
706 1415 826 1444 ortum
851 1410 948 1456 cepit
973 1409 1051 1455 illa,
1075 1410 1187 1444 lucem
1202 1409 1349 1455 accipit,
1373 1410 1447 1451 sive
1469 1421 1512 1444 ex
1529 1410 1740 1455 incorrupto

323 1479 488 1525 fluminis
522 1479 609 1513 Indi
651 1479 788 1515 nomine
818 1468 914 1525 Q
938 1479 968 1513 S
978 1478 1119 1513 indhu
1152 1478 1319 1518 derivare
1344 1478 1467 1518 malis,
1499 1478 1572 1512 sive
1597 1479 1740 1512 literam

333 1550 534 1585 hvocabuli
557 1559 637 1590 ,χω
667 1552 709 1587 H
714 1551 802 1586 and
818 1551 856 1586 in
880 1563 914 1592 z,
941 1555 984 1585 ut
1001 1549 1157 1586 dialecto
1176 1549 1324 1598 vulqare
1340 1555 1406 1592 est,
1433 1549 1560 1585 abiisse
1575 1538 1739 1585 statuas.-

333 1620 517 1666 siqmficat
541 1620 656 1666 iqitur
677 1620 884 1674 vocabulum
908 1619 1055 1655 Zend
1050 1618 1219 1671 linquam
1250 1620 1431 1667 reqionum
1456 1618 1549 1653 Indo
1573 1619 1737 1654 adiacen-

334 1687 444 1728 tium,
487 1699 556 1721 non
596 1692 713 1722 autem
734 1688 926 1723 viventem
958 1683 1015 1731 (ε
1031 1686 1100 1730 dd)
1140 1686 1308 1723 zindeh
1318 1688 1361 1733 )
1382 1692 1426 1722 ut
1456 1692 1588 1734 postea
1626 1688 1738 1733 expli-

332 1760 488 1791 cu'erzmt
512 1756 554 1789 de
578 1757 726 1791 nominis
749 1757 887 1804 oriqine
908 1756 1058 1791 solliciti
1080 1754 1305 1791 Guebrorum
1321 1755 1495 1791 doctores.
1547 1754 1605 1790 Cf.
1631 1756 1738 1789 etiam

334 1825 443 1871 Bopp
476 1825 530 1858 in:
579 1824 801 1866 Jahrbiicher
833 1826 892 1861 fiir
923 1823 1263 1875 wissenschaftliche
1293 1823 1431 1859 Kritik.
1481 1823 1532 1859 N.
1567 1823 1735 1866 46—48,

337 1908 373 1941 p.
398 1892 604 1929 362—383.
648 1893 749 1940 M'drz
776 1895 879 1930 1831.

222 1977 307 2018 *Ἀθ
332 1976 410 2012 Iam
445 1946 528 2010 ante
553 1974 617 2009 hos
645 1975 770 2020 viginti
793 1987 902 2010 annos
928 1980 966 2011 et
989 1976 1139 2023 amplius
1164 1975 1299 2023 prodiit
1322 1986 1449 2010 aureus
1475 1974 1536 2009 ille
1561 1972 1737 2009 Friderici

330 2044 527 2091 Schlegelii
552 2044 653 2083 liber,
679 2045 741 2089 qui
764 2045 987 2080 inscribitur:
1029 2045 1154 2080 Ueber
1178 2046 1237 2081 die
1262 2045 1423 2092 Sprache
1455 2044 1526 2079 und
1552 2043 1734 2080 Weisheit

333 2116 394 2151 der
419 2114 555 2150 Indier.
616 2113 685 2150 Ein
719 2113 869 2160 Beitrag
903 2125 966 2150 zur
999 2114 1246 2161 Begriindung
1277 2114 1341 2150 der
1373 2110 1749 2150 Alterthumskunde:
