1949 2366
886 185 1163 222 —64—

254 284 439 337 tent*).“
498 281 593 323 Hoc
627 282 722 323 loco
760 278 931 332 silentio
960 281 1302 336 praetermittere
1341 298 1427 326 non
1465 298 1638 340 possum
1670 286 1805 326 subti-

254 364 339 403 lem
373 361 535 416 pariter
570 365 703 414 atque
738 363 968 411 augustam
1004 357 1286 412 Burnovii**)
1331 362 1532 403 vocabuli
1574 361 1803 416 germanici

258 441 368 481 Gott
403 436 749 492 explicationem.
821 434 982 477 Probat
1019 436 1147 484 enim,
1185 449 1331 482 vocem
1370 438 1589 485 zendicam
1627 438 1804 481 kkaddta

255 530 343 556 esse
372 511 619 555 sanscritam
653 526 795 570 Ὲᾱῖζῆ
820 515 1022 560 ευαᾱαιια,
1050 527 1077 553 a
1102 526 1143 553 se
1170 514 1305 561 datus,
1342 516 1416 568 qui
1436 529 1516 568 per
1542 530 1582 558 se
1609 524 1679 568 est,
1706 515 1805 557 inde

257 593 489 633 formatum
515 603 603 630 esse
631 589 847 644 persicum
878 592 963 643 loc>
995 589 1131 631 khodd
1158 596 1202 630 et
1231 595 1425 632 nostrum
1458 591 1599 633 Getes
1643 607 1710 644 ξεῖ
1735 607 1806 633 sva

259 679 321 710 est
351 684 460 716 suus,
489 684 528 715 a,
556 683 637 715 um,
665 676 709 710 et
728 683 803 727 effi
820 668 1037 721 datta***)
1067 674 1130 707 est
1160 667 1361 723 particip.
1394 675 1529 723 praet.
1559 683 1670 723 pass.
1687 669 1805 710 verbi

256 762 305 805 εζῐ
333 749 403 793 dd,
431 746 542 787 dare.
602 745 760 786 Habet*
782 745 919 799 igitur
948 743 1174 785 zendicum
1211 744 1395 786 Ichaddta
1422 744 1620 786 eumdem
1648 744 1810 799 signifi-

257 831 413 869 catum,
455 837 585 877 quem
623 823 878 863 sanscritum
917 838 1070 879 W
1112 823 1430 877 svayambhdffi,
1472 825 1545 877 qui
1580 838 1631 865 eat
1670 829 1806 863 semet-

257 905 346 957 ipso
382 908 498 942 ortus
526 907 599 949 est,
630 907 830 948 aeternus,
858 899 1041 949 obtinet,
1070 914 1122 941 ex
1149 914 1298 958 {amq
1335 915 1512 956 waplam,
1550 902 1648 955 ipse,
1684 902 1727 941 et
1754 915 1806 957 Q

257 981 353 1026 blm,
380 993 474 1019 esse.
533 978 629 1018 ludi
656 978 772 1018 enim
803 978 908 1038 sola·
925 970 1066 1017 radice
1101 991 1267 1018 annexa
1310 980 1494 1019 formare
1522 986 1702 1032 possunt
1742 994 1810 1020 vo-

259 1056 437 1102 cabula,
481 1059 529 1094 ut
566 1054 708 1095 Latini
743 1068 841 1094 cum
865 1055 941 1108 fi’r
977 1059 1020 1094 et
1050 1055 1228 1109 ger††)‚'
1268 1054 1416 1095 Persae
1456 1069 1555 1096 cum
1589 1066 1631 1101 χ
1668 1057 1736 1097 ber
1769 1064 1811 1097 et

251 1140 332 1179 ι’),
349 1146 429 1173 ver.
455 1131 550 1171 Non
567 1131 657 1171 sine
674 1130 833 1171 iniuria
841 1119 1083 1170 Bur-novius
1100 1131 1299 1178 affirmat,
1314 1128 1573 1172 vocabulum
1589 1133 1811 1174 zendicum

259 1209 456 1257 ΙεΙιαᾶάία,
489 1208 523 1248 si
543 1213 720 1263 etymon
741 1206 1009 1262 spectaveris,
1030 1221 1200 1248 sensum
1220 1207 1361 1249 multo
1381 1208 1674 1250 sublimiorem
1694 1225 1812 1265 prae-

258 1290 368 1334 bere,
400 1300 533 1341 quam
551 1285 628 1343 {31
646 1287 746 1327 deva
765 1285 983 1331 Indorum,
999 1285 1095 1325 θεόν
1108 1285 1368 1326 Graecorum
1387 1291 1431 1325 et
1446 1285 1586 1327 Deum
1605 1286 1813 1327 Romano-

260 1378 370 1410 rum,
385 1364 521 1405 Deum
532 1363 646 1403 enim
658 1376 744 1403 esse
757 1368 930 1402 tantum
943 1354 1155 1409 naturam,
1165 1360 1332 1416 quaein
1347 1361 1664 1411 codishabitet,
1673 1377 1697 1404 a
1708 1364 1812 1422 Q

260 1442 344 1488 div,
364 1441 544 1481 coelum.
586 1439 724 1481 Aliter
739 1437 903 1480 iudicat
922 1439 962 1480 I.
988 1439 1265 1494 Hallenberg‚
1286 1438 1363 1492 qui
1382 1438 1583 1480 omnibus
1601 1440 1707 1480 mire
1726 1446 1814 1481 tur-

260 1518 376 1558 batis
400 1524 443 1557 et
464 1518 509 1557 in
532 1517 786 1557 sententiam
807 1530 927 1556 suam
950 1515 1133 1556 detortis
1153 1529 1308 1556 nomen
1327 1517 1434 1557 Gott
1452 1532 1506 1558 ex
1528 1507 1725 1559 hebraico
1745 1538 1811 1574 '‘¹2¹3-

260 1595 402 1642 echad,
425 1594 540 1635 arab.
563 1593 646 1636 »καὶ
663 1593 841 1638 abaciam,
864 1592 1004 1633 chald.
1021 1612 1063 1645 -ιι-,ι
1090 1593 1208 1641 chad,
1236 1608 1320 1648 syr.
1343 1619 1381 1652 Γ.
1396 1594 1504 1652 chad
1516 1593 1692 1635 deducit
1701 1595 1811 1648 †††).

335 1712 374 1752 *)
407 1710 467 1745 Cf.
494 1710 577 1745 Pet.
603 1722 625 1744 a
650 1709 790 1744 Bohlen
816 1711 862 1745 de
886 1711 976 1757 orig.
1002 1711 1025 1745 l.
1053 1711 1156 1745 zend.
1190 1724 1226 1757 p.
1254 1711 1313 1745 45.
1365 1710 1426 1746 Fr.
1460 1710 1648 1757 Schlegeb
1690 1709 1813 1745 Ueber

412 1768 471 1804 die
497 1768 579 1818 Spin
605 1768 678 1803 und
704 1768 842 1804 Weish.
868 1769 931 1804 der
956 1768 1080 1804 Indier
1103 1781 1140 1815 p.
1165 1768 1225 1804 24.

313 1827 375 1871 Μ’)
409 1827 578 1863 Burnouf
597 1827 743 1864 Extrait
768 1840 804 1874 p.
829 1828 890 1863 31.

292 1886 377 1932 ’¹‘**)
411 1886 520 1933 Bopp
547 1886 636 1921 ausf.
664 1886 845 1933 Lehrgeb.
870 1899 908 1934 p.
933 1886 1017 1926 275,
1044 1885 1074 1931 ξ.
1101 1885 1183 1921 608.

338 1947 380 1988 †)
407 1945 515 1991 Bopp
541 1956 594 1990 gr.
621 1957 669 1980 cr.
697 1945 720 1980 l.
748 1958 776 1980 s¹
802 1958 839 1993 p.
864 1945 1003 1986 92-93‚
1030 1945 1061 1990 ξ.
1087 1945 1169 1979 170.

312 2009 380 2047 ††)
412 2004 520 2050 Bopp
562 2003 651 2038 ausf.
688 2004 866 2051 Lehrgeb.
899 2016 935 2050 p.
968 2002 1052 2045 288,
1087 2003 1118 2048 ξ.
1143 2002 1226 2038 642.
1285 2001 1433 2037 Wilken
1466 2013 1519 2048 gr.
1554 2013 1648 2049 pers.
1685 2014 1720 2048 p.
1754 2001 1814 2044 90,

412 2061 445 2107 ἐ.
470 2061 543 2096 214
569 2065 606 2096 et
629 2074 665 2107 p.
691 2062 750 2097 93.
776 2062 807 2108 ξ.
832 2062 914 2104 224,
940 2061 976 2097 3.

295 2124 389 2166 †††)
414 2119 474 2156 Cf.
507 2119 567 2155 Ex
603 2121 918 2157 occasionemumi
953 2120 1057 2156 cufici
1091 2120 1136 2156 de
1162 2120 1304 2157 nomine
1329 2120 1402 2157 Dei
1433 2119 1531 2161 Gud,
1558 2119 1595 2154 in
1622 2117 1816 2155 Suio-Go-

412 2180 511 2214 thina
536 2180 771 2226 cognatisque
795 2180 925 2225 linguis
951 2180 1101 2226 origine,
1129 2180 1331 2225 disquisitio
1356 2180 1525 2215 historica
1550 2184 1587 2213 et
1605 2178 1821 2225 philologica

411 2237 444 2274 Ι.
473 2235 714 2285 Hallenberg.
775 2238 1052 2280 Stockholmiae,
1078 2238 1184 2274 1796.
1209 2239 1243 2274 4.
