1949 2366
837 113 893 122 .-
915 96 931 138 J
947 94 1003 132 45
1058 113 1114 123 ..-

517 236 520 241 ¹
651 190 777 232 Verbi
802 191 929 232 latini
956 182 1202 246 exemplum
1231 191 1306 231 sit:

507 265 626 321 Sing.
690 267 885 323 inquam,
913 268 1074 324 inquiS‚
1102 268 1249 324 inquit

422 346 424 348 “
486 343 623 400 ιΡΙιιι·.
694 343 930 399 inquimus,
959 345 1157 400 inquitis,
1185 345 1409 400 inquiunt.

365 420 410 463 Si
439 421 539 477 quis
566 426 732 463 attento
759 421 903 480 animo
922 422 999 463 has
1017 421 1136 462 verbi
1165 421 1487 463 terminationes
1511 421 1746 464 considera-

203 498 324 546 verit,
348 498 473 540 facile
496 499 725 554 intelliget,
752 514 822 540 eas
844 513 931 540 non
950 513 1051 539 casu
1070 498 1251 539 fortuito
1267 487 1355 540 esse
1365 506 1493 540 ortas.
1554 500 1683 544 Quod
1699 500 1745 540 in

202 574 342 630 prima
369 581 549 631 persona
577 576 687 631 sing.
707 582 751 617 et
768 577 884 631 plur.
914 582 1065 631 regnat
1087 591 1143 625 m,
1168 592 1192 618 e
1211 577 1396 618 themate
1424 591 1603 618 casuum
1630 576 1739 618 obli·

202 666 390 707 quorum
416 669 454 704 tr
479 668 547 695 ma
573 655 641 694 vel
669 651 706 703 ἢ
732 667 806 702 me,
832 658 876 693 et
902 667 956 710 &L
983 668 1008 694 v
1046 654 1092 694 in
1125 654 1267 707 prima
1293 653 1446 694 Dualis
1480 667 1664 708 persona
1689 667 1745 693 ex

199 745 338 787 m
367 720 497 775 avam
524 746 597 772 nos
624 731 753 781 ambo,
782 732 849 772 vel
878 746 1002 787 &aq
1016 745 1176 785 vayam,
1203 746 1290 778 nos,
1319 729 1629 785 explicandum
1656 737 1744 777 est;

200 822 220 847 s
249 807 457 848 secundae
484 819 688 861 personae
723 819 778 846 ex
812 806 947 860 stirpe
983 821 1023 863 ῖς
1056 813 1102 846 tu
1142 805 1315 845 fluxisse
1343 806 1529 853 videtur,
1558 820 1697 860 quum
1727 821 1747 845 s

200 890 243 924 et
271 892 289 925 t
321 865 433 924 vices
457 894 557 923 'suas
584 895 709 935 saepe
742 872 988 935 permutare
1025 884 1189 922 soleant
1232 880 1303 934 (cf.
1340 882 1598 922 Graecorum
1628 884 1674 922 σύ
1702 890 1746 923 et

201 961 285 1013 τύ);
316 946 333 1000 t
361 957 512 999 tertiae
539 970 743 1012 personae
771 956 960 1011 pertinet
987 941 1044 998 ad
1071 953 1251 1012 stirpem
1276 972 1313 1009 ῃ
1342 957 1449 1008 ια’).

364 1035 514 1075 Persae
541 1034 620 1075 etsi
647 1034 860 1075 breviores
887 1035 1044 1081 formas
1081 1041 1240 1081 amant,
1283 1031 1433 1087 literae
1475 1042 1495 1086 Γ
1527 1049 1564 1075 m
1600 1040 1744 1076 tamen

200 1110 364 1167 primae
407 1107 610 1166 personae
646 1116 960 1165 pepercerunt,
1015 1112 1218 1153 Formant
1267 1111 1382 1151 enim
1429 1124 1482 1151 ex
1525 1110 1744 1152 infinitivo

200 1196 369 1247 offa-mx
394 1189 613 1241 pur-siden,
651 1188 925 1241 interrogare,
968 1169 1140 1241 tempus
1168 1203 1304 1242 praes,
1350 1202 1485 1251 fagr-’m
1510 1190 1743 1242 mipursem⁵

199 1266 426 1320 interrogo.
483 1262 634 1304 Graeci
661 1262 828 1304 abiecta
855 1263 1045 1317 primum
1072 1263 1202 1319 *litera
1226 1264 1365 1305 vocali
1393 1263 1549 1305 ultima
1572 1269 1616 1304 et
1645 1277 1741 1318 pro-

201 1341 333 1381 ducto
361 1341 395 1388 ὁ,
427 1339 547 1395 quod
576 1339 761 1380 radicem
791 1329 1222 1381 c'um'terminatione
1240 1340 1480 1395 coniungit,
1508 1360 1538 1392 μ
1565 1354 1741 1395 quoque

202 1418 340 1473 perire
381 1418 552 1465 sinunt3
590 1417 664 1459 sed
698 1416 839 1472 prima
874 1416 1012 1458 forma
1049 1417 1218 1473 reliqua
1252 1425 1316 1460 est
1350 1417 1398 1459 in
1431 1417 1593 1466 verbis,
1630 1431 1738 1473 quae

200 1495 407 1536 dicuntur
437 1494 484 1546 in
509 1513 566 1546 μι.
622 1495 722 1535 Duo
757 1493 804 1534 in
839 1493 991 1548 lingua
1025 1493 1160 1535 latina
1193 1501 1426 1550 supersunt
1458 1496 1600 1542 verba,
1630 1507 1738 1549 quae

198 1562 406 1622 indieant,
433 1571 547 1613 idem
574 1586 615 1613 m
635 1570 810 1626 proprie
838 1570 1002 1625 primae
1020 1572 1246 1613 verborum
1274 1586 1479 1627 personae
1506 1571 1633 1613 fuisse
1659 1577 1740 1611 ter·

199 1650 491 1698 minationem,
519 1649 593 1691 sed
620 1650 742 1691 nulla
775 1647 901 1688 litera
936 1647 1071 1688 vocali
1106 1648 1326 1696 adiuncta,
1360 1662 1450 1689 sum
1483 1654 1527 1688 et
1552 1650 1729 1702 inquam.

199 1726 424 1766 Servatum
452 1732 515 1766 est
543 1739 718 1781 quoque
745 1724 791 1764 in
819 1723 915 1764 aliis
942 1724 1168 1764 verborum
1204 1724 1345 1765 modis
1377 1732 1422 1765 et
1457 1723 1735 1778 temporibus,

141 1793 143 1795 ¹
200 1807 250 1841 ut
278 1801 325 1841 in
352 1785 551 1853 amabam,
578 1817 717 1849 amem,
746 1802 893 1857 legam.
939 1799 1066 1844 Quod
1097 1799 1281 1841 maxime
1309 1801 1510 1856 placebat
1538 1797 1740 1840 Romanis

196 1890 250 1924 m,
278 1877 384 1926 adeo
411 1878 458 1918 in
488 1880 574 1920 fine
601 1863 962 1931 vocis'ingratum
990 1882 1081 1916 erat
1109 1877 1294 1925 Graecis,
1325 1885 1375 1918 ut
1403 1879 1472 1918 vel
1499 1875 1736 1917 tenuiorem

199 1937 350 1990 sonum
378 1966 400 1990 ν
427 1951 518 1992 eius
545 1952 689 1994 locum
707 1967 917 2009 occupare
935 1952 1147 2002 iuberent,
1176 1954 1245 2010 vel
1271 1955 1400 2011 plane
1419 1953 1619 1995 delerent.
1658 1953 1736 1994 Est

220 2098 226 2101 .
268 2115 307 2159 ¹¹²)
337 2115 396 2153 Cf.
424 2116 557 2166 Boppii
583 2098 826 2157 drammatioa
850 2120 979 2157 critica
1000 2121 1145 2171 linguae
1169 2120 1375 2160 sanseritao,
1401 2131 1437 2166 p.
1463 2117 1544 2154 143.
