1949 2366
818 169 1095 205 -50-

348 289 399 326 'en
426 275 522 326 dfid,
560 278 711 326 τίθημι,
745 277 874 332 0243
914 276 1105 322 niwelen,
1142 275 1296 330 imper.
1339 293 1378 325 ω
1410 278 1497 319 nih.
1564 276 1732 318 Persico

183 352 398 394 vocabulo
425 352 624 393 additum
653 357 717 393 est
745 354 990 407 praefixum
1018 354 1072 404 ῆιῐ
1099 354 1158 400 ni,
1186 354 1218 393 d
1242 353 1423 404 excidit,
1453 355 1480 396 Ῐι
1508 354 1593 396 sive
1622 353 1732 408 aspi-

184 429 296 482 ratio
324 436 487 472 servata
514 435 577 471 est
587 430 642 482 ⁴¹¹).

352 530 486 584 Saepe
516 528 644 570 unius
673 529 821 584 stirpis
857 529 1030 571 dialecti
1067 530 1113 571 in
1142 543 1191 572 eo
1229 535 1402 570 tantum
1429 527 1652 578 differunt,
1682 535 1731 570 ut

184 607 230 647 in
270 606 532 661 quibusdam
569 607 791 648 vocabulis
834 609 901 649 vel
945 607 1093 649 literas
1137 606 1346 663 aspin-atas
1382 590 1630 654 admittant,
1664 606 1731 658 vel

182 684 319 724 literis
364 684 557 737 expulsis
599 684 906 738 aspirationem
944 690 1117 725 tantum
1150 690 1331 731 servent,
1367 684 1435 724 vel
1465 682 1732 737 ‘aspiratione

182 761 353 802 sublata
380 761 550 802 literam
571 761 733 802 nudam
753 760 980 815 recipiant.
1026 762 1169 803 Latini
1199 776 1233 802 e.
1256 775 1293 802 c.
1321 760 1510 802 formant
1538 774 1560 800 e
1580 773 1731 813 graeco

182 842 298 877 πλέκω
312 837 460 891 flecto,
489 838 674 892 Hispani
703 851 726 876 e
754 837 891 877 latino
905 837 1034 892 filius
1063 838 1168 891 hijo,
1209 853 1232 880 e
1246 839 1384 892 ferire
1419 836 1545 883 herir,
1580 835 1731 876 Graeci

107 954 111 957 s
181 931 204 955 e
231 929 281 968 ²1,
309 914 404 955 blare·
432 921 548 970 φέρω,
579 914 723 955 Latini
740 916 854 970 fere,
881 915 1015 957 Gothi
1045 917 1212 965 bairan,
1252 915 1327 956 bar
1362 912 1660 966 tulit‚yPersae
1687 918 1731 951 et

181 991 386 1034 Germani
415 1005 513 1046 v&
550 992 792 1045 biirden**).
877 992 1064 1035 Verbum
1093 997 1228 1055 0²2),
1261 992 1444 1037 dverden,
1472 990 1634 1045 efferre,
1663 988 1732 1028 de-

182 1068 350 1109 scendit
379 1083 404 1108 a
433 1068 576 1108 radice
612 1084 662 1121 η,
698 1069 793 1109 ὂΙινὶ
827 1075 871 1109 et
907 1071 1100 1124 praefixo
1134 1085 1188 1120 331
1224 1068 1250 1109 a
1287 1074 1337 1108 ut
1386 1055 1511 1114 eph-⁴5
1551 1067 1729 1120 ig'ftdden,

182 1148 337 1195 cadere,
372 1147 428 1187 ab
464 1161 517 1196 33ss
553 1146 579 1185 ἑ
606 1152 651 1186 et
680 1160 752 1204 ῃζ
781 1148 883 1200 pad.
958 1147 1058 1188 Huc
1104 1146 1293 1201 pertinet
1326 1160 1503 1201 quoque
1531 1158 1730 1200 graecum

182 1225 310 1276 βαρύς,
339 1225 464 1277 βάρος,
494 1235 604 1276 perS.
641 1223 703 1283 αἱ..
739 1224 834 1271 hdr,
871 1237 1000 1272 onuS‚
1044 1224 1222 1264 fortasse
1255 1223 1387 1283 etiam
1424 1224 1606 1276 ἀρημένος
1650 1235 1729 1276 pro

179 1306 388 1353 βαρημένος
406 1299 489 1340 Od.
509 1305 551 1347 9,
570 1304 668 1341 403.
705 1298 836 1339 Haud
855 1299 970 1340 enim
989 1299 1088 1347 scio,
1107 1314 1162 1340 an
1176 1305 1204 1351 β
1219 1305 1267 1340 ut
1285 1299 1503 1354 digamma
1520 1297 1729 1339 aeolicum

182 1377 372 1431 perierit.
444 1392 484 1426 εγ
526 1377 577 1418 ba
614 1382 657 1416 et
693 1391 734 1426 ἃ
770 1392 822 1417 va
862 1375 908 1416 in
950 1376 1102 1431 lingua
1139 1376 1345 1419 sanscrita
1380 1386 1504 1431 saepe
1551 1375 1729 1417 confun-

181 1440 460 1506 duntur***).

254 1613 292 1655 ²¹⁸)
323 1611 382 1647 ef.
407 1612 513 1659 Bopp
538 1630 586 1638 -
610 1610 735 1647 wien.
760 1609 986 1647 Jahrbiicher
1011 1610 1075 1646 der
1099 1609 1173 1647 Lit.
1199 1610 1284 1647 vol.
1310 1611 1359 1647 42
1382 1624 1419 1659 p.
1444 1599 1529 1647 2258.

229 1693 291 1735 *ἢ
323 1691 529 1739 Optandum
554 1697 621 1734 est,
648 1696 689 1727 ut
712 1692 825 1727 omnis
852 1691 941 1728 haec
974 1692 1020 1728 de
1045 1693 1262 1740 aspiratione
1285 1694 1469 1728 literarum
1492 1692 1529 1727 in
1555 1702 1726 1737 gramma-

324 1762 398 1797 tica
423 1774 552 1808 graeca
575 1767 613 1797 et
636 1762 748 1797 latina
772 1762 988 1809 disputatio,
1026 1773 1119 1809 quae
1141 1764 1291 1799 maximi
1315 1767 1372 1798 est
1394 1761 1575 1803 momenti,
1608 1760 1726 1807 paullo

326 1832 527 1867 accuratius
552 1837 589 1866 et
614 1832 782 1867 subtilius
807 1833 1026 1875 instituatur,
1053 1845 1159 1878 quam
1176 1832 1292 1868 adhuc
1310 1831 1444 1867 sactum
1469 1842 1549 1866 esse
1573 1834 1724 1865 constat.

326 1899 450 1944 Quum
486 1905 568 1935 ante
598 1902 780 1937 biennium
820 1902 985 1937 Bonnam
1019 1902 1195 1937 transiens
1227 1899 1481 1936 Heinrichium
1522 1899 1723 1942 salutarem,

325 1970 449 2006 audivi
472 1970 587 2005 virum
611 1971 881 2008 celeberrimum
912 1973 950 2007 in
980 1972 1125 2014 scholis,
1165 1982 1253 2018 quas
1277 1971 1324 2006 de
1348 1970 1625 2018 encyclopaedia
1648 1970 1725 2017 phi-

256 2031 265 2035 *
323 2039 481 2086 lologica
504 2039 669 2082 habebat,
696 2042 842 2088 copiose
866 2045 904 2077 et
928 2047 1045 2085 acute,
1071 2045 1112 2076 ut
1126 2041 1229 2084 solet,
1255 2041 1322 2076 hac
1346 2040 1392 2076 de
1415 2052 1455 2076 re
1478 2040 1722 2082 disserentem.

324 2108 476 2144 Utinam
502 2121 595 2155 quae
619 2121 742 2145 secum
766 2116 1023 2147 commentatus
1049 2116 1116 2154 est,
1142 2123 1227 2147 mox
1253 2111 1388 2158 publici
1420 2111 1507 2146 iuris
1531 2109 1661 2146 faciat!

202 2188 286 2232 ***)
319 2190 402 2226 Ind.
431 2190 528 2226 Bibl.
555 2190 589 2233 I,
615 2203 651 2239 p.
679 2191 872 2242 3185321;
899 2192 947 2229 cf.
974 2192 1018 2228 F.
1045 2192 1152 2241 Bopp
1179 2192 1360 2240 Lehrgeb.
1387 2205 1424 2241 p.
1450 2193 1509 2228 14.
