1949 2366
846 86 1121 123 -21-.

219 188 329 234 talis,
357 176 497 240 toties„
519 190 615 230 tam,
647 190 791 231 tamen,
820 191 930 236 tunc,
945 183 1080 237 “quod
1098 183 1336 237 comparari
1353 188 1497 235 potest
1508 197 1612 223 ‘cum
1639 197 1761 224 accu-

218 263 353 304 sativo
382 262 502 302 hunc.
560 258 774 301 Axi-verbu!
801 268 886 301 tam
901 266 946 300 et
962 267 1059 301 tunc
1086 274 1184 300 cum
1212 258 1446 300 accusativi
1474 258 1610 313 signo,
1640 261 1760 314 quod

215 345 279 379 est
312 352 371 385 m,
409 322 671 390 comparent⁴
727 330 966 377 Pronomen
988 338 1076 378 ·iste
1110 336 1397 390 compositum
1436 342 1500 375 est
1535 350 1588 376 ex
1626 336 1760 390 stirpe

217 401 552 464 demonstrativa
579 414 596 453 i
624 418 667 451 et
695 419 739 471 ta
766 405 864 453 cum
893 412 1149 460 nominativi
1171 413 1306 466 signo,
1338 426 1424 453 non
1454 397 1599 452 miuus
1627 426 1760 466 quam

216 493 233 531 z·
248 516 287 538 (-
307 505 478 545 s—pse.
544 489 649 530 Hoc.
672 495 817 531 autem
853 489 1015 531 factum
1043 503 1140 531 pesse
1173 496 1302 544 putat
1331 484 1390 531 Al
1413 488 1702 531 Grotefendus
1716 490 1757 542 *)

218 582 271 608 ex
300 563 420 622 ipse,
450 582 587 622 quum
618 567 709 620 fieri
738 567 961 621 potuisset,
993 574 1042 607 ut
1070 567 1324 608 scriberetur
1351 568 1482 608 etiam
1511 569 1577 620 ips
1604 580 1685 620 pro
1714 568 1760 613 is,

216 651 267 684 ut
295 644 531 699 reperiatur
557 646 675 698 quips
702 658 781 698 pro
808 646 912 698 quis.
970 644 1129 685 Melius
1155 643 1538 694 Ramshornius**>
1570 645 1675 683 is—
1683 657 1760 696 pse

216 721 364 769 scribit
391 726 434 760 et
462 720 619 760 formas
632 721 843 771 obsoletas
858 735 1026 774 eampse,
1054 704 1182 775 eapse,
1211 720 1331 774 apud
1345 720 1593 760 Ciceronem
1613 726 1759 776 autem

214 812 351 852 reapse
387 811 466 850 pro
500 811 542 838 re
574 799 668 850 ipsa
701 781 1119 849 commemorat***).
1154 796 1222 836 ‘Si
1251 796 1453 851 equidem
1483 796 1592 850 quid
1621 796 1759 843 video,

208 890 242 931 p
270 875 316 914 in
350 877 434 928 ipse
460 878 504 914 et
530 879 684 926 meopte
716 857 907 919 eiusdem
939 877 1005 913 est
1038 871 1218 926 originis
1245 878 1377 927 atque
1406 888 1428 914 c
1457 873 1502 913 in
1533 874 1612 920 hic,
1640 889 1759 920 nunc,

219 960 333 1000 tunc,
365 950 485 1005 quod
511 949 817 990 Ramshornius
845 963 927 1003 pro
954 944 1105 998 nunice,
1136 958 1265 992 tumce
1277 950 1320 1004 †)
1350 964 1436 990 esse
1462 943 1606 1004 putat.
1653 951 1761 991 Gut-

214 1030 374 1069 tun-ales
401 1028 515 1068 enim
544 1033 588 1067 et
616 1026 792 1066 labiales
819 1040 944 1080 saepe
971 1027 1084 1068 inter
1101 1042 1162 1068 2se
1190 1027 1450 1081 permutari,
1488 1035 1639 1068 notum
1677 1034 1754 1067 est.

214 1104 484 1145 Confirmant
514 1102 769 1143 sententiam
797 1117 933 1144 meam
967 1104 1190 1145 encliticae
1218 1106 1337 1158 piam
1372 1112 1416 1145 et
1442 1119 1518 1159 pe,
1561 1118 1673 1159 quae
1711 1104 1756 1144 in

214 1174 398 1222 dialecto
433 1182 548 1221 oscia
582 1185 703 1220 erant
730 1189 811 1233 pro
842 1180 963 1233 qu'am
997 1187 1040 1220 et
1074 1196 1150 1235 que
1160 1184 1248 1235 ††).
1310 1182 1524 1236 Quispiam
1560 1183 1611 1222 A.
1650 1183 1755 1222 Gro-

214 1258 386 1298 tefendo
406 1258 504 1311 †††)
535 1263 597 1297 est
633 1269 714 1310 pro
736 1257 1046 1310 quips—iam.
1114 1257 1235 1298 Istud
1262 1261 1293 1299 d
1318 1260 1364 1299 in
1393 1261 1516 1307 illud,
1552 1261 1610 1307 id,
1647 1261 1757 1300 istud

213 1335 387 1389 proprie
415 1333 531 1374 cadit
559 1334 605 1373 in
633 1339 786 1373 neutra
814 1333 1028 1388 refertque
1058 1342 1076 1375 t
1104 1335 1149 1376 in
1176 1351 1259 1392 aff
1289 1343 1366 1376 tat.
1388 1336 1571 1376 Graecos
1599 1336 1710 1377 illud
1739 1344 1757 1375 t

212 1412 299 1452 sive
332 1414 364 1452 d
394 1412 441 1451 in
478 1410 562 1449 fine
597 1408 773 1450 articuli
805 1415 849 1449 et
895 1411 1201 1464 pronominum
1240 1412 1434 1453 neutrius
1470 1413 1634 1466 generis
1670 1426 1754 1452 non

212 1486 456 1540 admittere,
493 1484 704 1543 nemiuem
734 1485 946 1535 offendet,
985 1488 1064 1542 qui
1093 1488 1378 1544 reputaverit,
1416 1503 1485 1530 eos
1515 1502 1755 1544 numquam

213 1547 423 1604 vocabula
438 1563 519 1603 hoc
535 1560 664 1601 modo
681 1562 923 1603 terminare.
966 1563 1225 1606 Pronomina
1239 1571 1410 1606 tantum
1427 1571 1470 1605 et
1489 1566 1535 1607 in
1551 1566 1756 1607 sanserita

210 1647 253 1681 et
281 1640 327 1680 in
355 1639 491 1681 latina
517 1638 668 1691 lingua
695 1652 829 1692 genus
857 1646 1058 1683 neutrum
1087 1641 1148 1683 ita
1169 1642 1357 1684 indicare
1380 1644 1532 1685 solent.
1592 1644 1636 1684 ln
1657 1630 1755 1684 sub-

292 1785 329 1827 *ἡ
353 1784 460 1820 Ausf.
487 1785 553 1820 Gr.
581 1785 614 1826 Ι,
640 1774 676 1831 p.
702 1770 785 1821 219.
961 1824 964 1826 ,

267 1853 328 1894 Η)
353 1851 434 1889 Lat.
460 1847 694 1889 Grammati'k.
744 1846 779 1889 2.
805 1853 867 1895 A„
892 1867 927 1901 p.
954 1855 1036 1901 265.

243 1922 327 1964 *ἢῆ
351 1922 432 1958 Lat.
460 1922 525 1958 Gr.
575 1923 611 1958 2.
638 1922 698 1965 A„
726 1935 762 1970 p.
787 1905 877 1959 265.μ

288 1993 329 2034 †)
351 2004 387 2038 p·
412 1992 495 2027 267-

259 2063 327 2107 ††)
349 2074 386 2109 p·
412 2061 487 2098 266>
507 2082 556 2089 -
578 2062 662 2099 267·

230 2135 324 2177 ††f)
348 2131 455 2168 Ausf.
481 2132 547 2169 Gr.
575 2132 608 2176 Ι,
634 2133 779 2179 p.·219.
